2932 4942
585 334 827 406 RELIQVIAE

662 503 724 572 VH
738 503 754 538 *

251 692 506 708 .....
560 636 704 730 perculsi
722 639 857 727 pectora
877 637 979 707 Poeni

650 778 756 851 vm*

249 915 347 984 Vnus
364 915 464 983 homo
486 915 581 984 nobis
599 915 784 984 cunctando
808 915 948 985 restituit
971 939 1049 984 rem.
1095 925 1098 933 '

248 1021 398 1087 Noenum
418 1038 568 1087 rumores
589 1019 734 1110 ponebat
752 1021 828 1086 ante
848 1019 998 1088 salutem.

161 1131 222 1190 315
250 1121 342 1212 Ergo
364 1120 506 1213 plusque
524 1122 700 1215 magisque
717 1120 779 1190 uiri
801 1144 888 1191 nunc
907 1123 1017 1214 gloria
1036 1121 1146 1190 claret.

180 1339 226 1386 Vll
246 1337 369 1386 Columna
388 1353 414 1401 p.
430 1335 480 1385 148
508 1336 571 1385 ‘hoc
587 1336 757 1402 fragmentum
774 1336 839 1385 mihi
859 1353 873 1385 e
890 1334 1010 1385 cosentia
1029 1335 1122 1384 Fabius
1142 1336 1258 1397 Aquinas

145 1408 228 1455 misit:
258 1407 326 1468 quoti
342 1421 357 1454 a
378 1405 489 1468 quodam
507 1421 553 1455 suo
574 1408 748 1456 uetustissimo
767 1405 842 1455 Statii
860 1407 998 1471 interprete
1011 1405 1051 1456 M.
1064 1403 1092 1458 S.
1115 1407 1257 1470 excerpsit:

145 1478 218 1524 cuius
237 1491 343 1536 nomen,
362 1491 419 1524 cum
433 1477 458 1523 in
473 1475 543 1524 illius
559 1475 619 1526 libri
632 1477 759 1542 principio
776 1485 800 1524 et
816 1475 865 1524 line
885 1477 979 1524 multae
992 1475 1169 1523 desiderentur
1183 1476 1258 1540 pagi-

146 1561 207 1606 nae,
233 1561 337 1610 prorsus
356 1546 495 1610 ignoratur.
533 1545 636 1595 Constat
648 1556 732 1595 tamen
746 1560 778 1594 ex
796 1545 932 1594 collatione
945 1559 995 1592 nou
1009 1560 1066 1593 esse
1078 1545 1257 1593 Lactantiunr!

145 1616 208 1663 Mihi
223 1630 272 1663 uon
292 1615 396 1664 aliunde
409 1616 519 1663 innotuit
531 1615 710 1680 fragmentum.
749 1615 873 1663 Similiter
885 1614 964 1662 Silius
979 1615 1104 1663 1111244
1128 1615 1257 1663 ‘instincti

145 1685 359 1748 pectoral’oeui.'
431 1684 492 1732 Vlll
528 1684 672 1734 Macrobius
685 1683 738 1735 Sat.
752 1684 856 1748 Vllp.
869 1684 986 1742 500lan.
1015 1684 1165 1745 ‘unusqui
1184 1684 1258 1732 uobis

145 1754 286 1802 cunctando
300 1754 409 1801 restituit
422 1768 484 1802 rem.
506 1751 581 1817 [Aen.
592 1753 700 1820 111847]
716 1754 814 1803 Ennius
826 1754 852 1801 iu
866 1753 1032 1802 duodecimo:
1051 1767 1117 1800 turus
1185 1755 1257 1802 rem·

144 1823 273 1887 tiuVll⁰
291 1822 385 1871 Salisb.
428 1823 617 1873 Ennius....
643 1838 708 1871 rem
727 1837 777 1872 om.
799 1821 909 1886 Meua)
940 1823 1005 1870 Huic
1027 1822 1091 1871 libro
1117 1823 1258 1871 uindicauit

144 1891 192 1940 Tlr.
208 1892 316 1957 Hugius.
346 1892 434 1942 Cicero
446 1892 478 1940 de
491 1892 534 1941 off.
549 1893 559 1940 l
572 1892 615 1952 24,
628 1892 664 1942 84
681 1895 787 1954 ‘quanto
804 1891 837 1949 Q„
846 1892 973 1941 Maximus
992 1892 1084 1941 melius
1096 1892 1129 1941 de
1141 1906 1192 1954 quo
1208 1893 1258 1940 En-

144 1961 216 2009 nius:
240 1963 322 2009 uuus’
342 1978 364 2010 e.
379 1977 403 2023 q.
420 1977 440 2010 s.
469 1961 540 2010 idem
554 1960 607 2010 Cat.
624 1963 683 2010 mai.
697 1962 723 2021 4,
739 1961 773 2011 10
792 1961 859 2009 ‘irie'
879 1960 923 2026 (Q.
936 1960 1044 2024 Fabius)
1067 1965 1105 2010 ‘et
1125 1961 1193 2010 bella
1213 1977 1258 2027 ge-

144 2030 216 2079 rebat
233 2040 261 2079 ut
278 2031 429 2080 adulescens
443 2045 500 2079 cum
513 2030 590 2094 plane
606 2031 712 2095 grandis
731 2039 799 2079 esset
817 2039 841 2079 et
854 2031 1007 2079 Annibalem
1026 2031 1172 2079 iuueniliter
1185 2031 1258 2080 exul-

143 2107 238 2149 tantem
258 2102 381 2165 patientia
401 2115 449 2149 sua
468 2101 615 2161 molliebat:
641 2101 672 2150 tie
687 2114 736 2163 quo
750 2100 882 2164 praeclare
895 2099 1030 2149 familiaris
1046 2108 1131 2149 noster
1145 2102 1256 2149 Ennius:

143 2172 223 2217 unus'
243 2187 265 2218 e.
281 2187 306 2231 q.
321 2185 343 2218 s.
366 2169 472 2218 Seruius
486 2170 512 2218 iu
522 2171 587 2220 Aen.
601 2170 636 2218 Vl
650 2170 702 2220 846
721 2173 765 2217 ‘tu
779 2167 914 2219 Maxumus
927 2168 972 2218 ille
986 2186 1023 2229 es,
1040 2172 1112 2219 Vnus
1127 2171 1170 2232 qui
1183 2171 1257 2219 nobis

143 2239 284 2288 cunctando
295 2240 407 2287 restituis
416 2253 484 2288 rem:
500 2238 543 2288 ille
555 2246 639 2288 autem
650 2248 688 2288 est
697 2239 729 2288 de
739 2253 788 2301 quo
799 2240 835 2288 ait
843 2241 953 2289 Ennius:
969 2254 1034 2288 unus
1044 2275 1074 2301 ..,.
1083 2255 1147 2293 rem.
1167 2239 1257 2289 Sciens

142 2310 210 2357 onim
223 2309 355 2373 Vergilius
368 2310 442 2371 quasi
457 2323 504 2373 pro
519 2308 642 2374 exemplo.
653 2308 720 2358 huuc
733 2323 837 2358 uersum
848 2310 953 2374 posuit)
986 2309 1104 2358 Seruium
1119 2311 1258 2375 exscripsit

142 2379 324 2443 Mytlrograph.
338 2379 444 2428 vatici
461 2378 514 2432 lab.
528 2380 581 2429 224
597 2379 643 2443 (Α.
658 2379 708 2427 Mai
725 2386 791 2431 auct.
808 2379 884 2428 class.
901 2378 995 2442 11179)
1028 2378 1119 2428 Liuius
1131 2379 1208 2428 XXX
1222 2379 1257 2430 26

143 2449 250 2498 ‘eodem
262 2462 327 2497 anuo
341 2447 370 2506 Q.
384 2448 478 2496 i'abius
492 2448 620 2498 Maximus
635 2448 742 2497 moritur
835 2449 1036 2499 cautiortameu
1056 2463 1132 2512 quam
1151 2464 1256 2515 promp-

141 2518 190 2566 tior
207 2518 250 2566 hic
268 2517 371 2566 habitus
390 2517 452 2567 luit:
480 2525 504 2567 et
521 2519 588 2567 sicut
607 2517 723 2577 dubites,
748 2525 833 2567 utrum
853 2519 957 2584 ingenio
977 2526 1108 2569 cunctator
1128 2518 1205 2568 fuerit
1223 2533 1256 2568 an

142 2589 202 2650 quia
222 2589 258 2636 ita
276 2586 345 2636 bello
365 2588 470 2652 proprie
494 2588 563 2650 quod
581 2597 634 2637 tum
653 2587 789 2654 gerebatur
812 2595 900 2653 aptum
922 2596 991 2649 erat;
1020 2590 1059 2639 sio
1077 2587 1141 2638 nihil
1160 2589 1255 2639 certius

141 2666 179 2705 est
208 2672 285 2719 quarn
317 2671 411 2706 unum
435 2654 594 2706 bominem
620 2656 713 2706 nobis
738 2657 922 2708 cunctando
951 2674 1016 2708 rem
1045 2658 1254 2717 restituistis,

141 2729 207 2774 sicut
220 2727 316 2775 Ennius
334 2727 388 2775 ait·
426 2725 514 2776 Cicero
530 2726 563 2775 ad
578 2726 690 2776 Atticum
704 2727 728 2775 ll
744 2724 816 2786 19,2
844 2726 970 2776 ‘Bibulus
987 2728 1018 2776 'in
1035 2727 1107 2776 caelo
1126 2736 1178 2787 est;
1207 2742 1256 2776 uec

142 2809 220 2856 quare
245 2796 318 2854 seio;
348 2795 395 2844 seii
419 2797 455 2844 ita
476 2796 594 2845 laudatur
618 2796 693 2860 quasi
714 2809 799 2844 unus
885 2799 969 2846 rem.’
1003 2797 1141 2846 Suetonius
1167 2797 1253 2845 Tiber.

141 2879 163 2910 c.
175 2863 207 2912 21
226 2867 329 2912 ‘omnes
343 2863 504 2924 confitentur,
522 2878 626 2914 uersum
641 2864 753 2913 illumin
767 2871 881 2930 teposse
894 2865 961 2915 dici:
988 2880 1070 2914 unus
1085 2865 1112 2918 h.
1127 2879 1152 2914 n.
1167 2866 1254 2930 uigi-

142 2931 238 2981 lando
254 2947 275 2984 r.
290 2932 320 2980 r.'
347 2931 455 2981 Ouidius
468 2932 536 2982 Fast.
550 2934 636 2983 11241
656 2935 737 2982 ‘unus
750 2933 782 2982 tle
795 2933 875 2982 Fabia
887 2941 963 3000 geute
976 2934 1080 2983 relictus
1092 2942 1158 2982 erat:
1179 2933 1255 2982 Scili-

141 3008 181 3048 cet
194 3009 222 3048 ut
235 3013 327 3067 posses
342 3001 403 3049 olim
417 3010 453 3061 tu,
472 3001 593 3060 Maxime,
612 3002 698 3061 nasei,
717 3001 773 3051 Cui
788 3017 837 3050 res
850 3002 1032 3052 cunctando
1046 3002 1254 3052 restituenda

141 3070 250 3119 iuret·
278 3069 390 3119 Serenus
406 3068 557 3119 Samonlcus
576 3069 608 3119 de
624 3069 694 3120 med.
714 3070 780 3121 1101
810 3070 884 3119 ‘hinc
908 3072 1037 3135 quondam
1057 3070 1137 3120 Fabio
1165 3086 1253 3120 uemm

141 3154 282 3206 cognomen
297 3136 428 3200 adhaesit,
453 3138 511 3198 Qui
529 3139 621 3189 solus
639 3141 769 3204 patriae
790 3142 971 3190 cunctando
993 3141 1143 3191 restituit
1167 3142 1252 3191 rem·

92 3212 95 3219 '
140 3210 263 3273 Polybius
279 3210 315 3258 lll
331 3206 390 3269 105,
404 3208 421 3258 8
438 3208 515 3266 ιτοῖς
532 3199 585 3272 μὲν
601 3193 655 3258 οὖν
672 3199 743 3274 παρ’
762 3198 852 3257 αὐτὸν
868 3203 1032 3275 γενομένοις
1047 3201 1098 3260 τὸν
1114 3206 1254 3258 κίνδυνον

140 3266 178 3345 ἦν
196 3270 325 3344 ἐναργές,
352 3266 397 3328 ὅτι
418 3269 468 3328 διὰ
483 3269 536 3342 μὲν
554 3269 608 3343 τὴν
626 3269 752 3344 Μάρκον
772 3270 880 3343 τόλμαν
900 3270 1028 3330 ἀπόλωλε
1046 3271 1082 3329 coi
1105 3267 1172 3341 ὅλα,
1194 3271 1254 3329 διὰ

140 3341 182 3428 δὲ
203 3340 267 3430 cpia
287 3339 479 3415 εὐλάβειαν
502 3343 567 3398 τοῦ
591 3343 727 3415 Φαβίου
750 3341 919 3400 σέσωσται
939 3346 997 3400 καὶ
1019 3340 1085 3416 πρὸ
1109 3345 1172 3400 τοῦ
1193 3344 1253 3398 καὶ

54 3473 56 3477 ,
140 3434 215 3474 νον.

181 3630 235 3686 313
255 3641 329 3680 unus
346 3623 432 3680 homo
449 3627 496 3697 qui
518 3627 600 3681 nobis
615 3624 729 3683 Monac.
747 3645 765 3682 a
783 3625 799 3682 b
819 3623 889 3682 Pur.
906 3624 965 3681 Cat.
982 3624 1102 3696 minist
1114 3621 1189 3695 quod
1203 3627 1251 3696 qui

138 3717 329 3784 compunctam
342 3711 372 3764 in
383 3709 454 3764 Par.
469 3724 582 3766 mosum
598 3713 627 3766 in
641 3710 754 3768 Monac.
770 3712 813 3780 α).
834 3726 906 3766 unus
922 3710 969 3781 qui
986 3711 1066 3766 nobis
1085 3707 1155 3764 eud.
1175 3707 1250 3764 Ociti.

137 3796 247 3862 ibidem,
287 3793 413 3860 Seruius,
447 3793 669 3869 Mytboqrapbus
753 3798 853 3851 restuit
873 3795 972 3849 Bomb.
996 3812 1015 3849 ο
1040 3796 1074 3849 (ie
1094 3793 1143 3863 off.

137 3885 190 3940 314
209 3896 331 3937 noenum
347 3876 546 3935 Caelimontana
564 3881 698 3939 nillum.
710 3879 835 3940 111198.
853 3895 909 3937 non
925 3880 998 3933 enirn
1013 3893 1142 3933 rumores
1164 3892 1252 3946 pone-

138 3968 184 4021 bat
199 3967 263 4021 libri
275 3965 310 4020 de
322 3964 372 4034 off.
390 3964 460 4019 Par.
477 3967 548 4034 (nisi
562 3965 637 4036 quod
653 3966 682 4021 in
700 3967 752 4022 boc
767 3967 923 4040 ponebant)
939 3963 1052 4018 Monac.
1068 3961 1116 4015 ab
1136 3959 1195 4014 Cot.
1211 3976 1248 4013 m.

138 4066 195 4104 non
215 4051 340 4123 ponebat
359 4048 433 4104 enim
454 4065 582 4104 rumores
605 4053 691 4107 ceteri
792 4055 845 4110 ³15
874 4052 993 4122 plusque
1015 4046 1043 4100 J.
1069 4041 1248 4114 Ber'uaysius.

138 4142 257 4207 postque
273 4135 337 4190 libri
421 4150 490 4206 ergo
504 4137 653 4207 magisque
667 4137 814 4209 magisque
829 4134 957 4191 Muretus
977 4130 1045 4185 Ver.
1060 4127 1135 4182 Lect.
1158 4126 1201 4181 VI
1215 4128 1249 4184 14

224 4237 298 4275 nunc
316 4234 368 4274 om.
390 4218 463 4278 Ociti.
480 4221 514 4275 de
526 4219 577 4289 off.
