2932 4942
551 338 554 343 ’
605 340 846 410 RELl'QVlAE
1222 328 1283 394 137

272 515 449 586 Praeterea
467 515 509 585 ad
523 514 654 585 Troiam
672 532 747 582 curn
766 509 839 580 misi
858 509 901 579 ob
920 509 1160 579 defendendam
1175 508 1284 579 Gree'-

638 627 659 683 .’
834 613 929 697 ciam,

273 721 404 792 Scibam
434 744 487 791 mc
516 720 549 790 in
581 720 784 790 mortiferum
821 716 959 800 bellum,
997 715 1063 785 non
1098 715 1131 785 in
1167 714 1283 805 epulas

836 819 973 892 mittere.

693 940 741 1011 lV

275 1061 366 1132 More
398 1061 533 1154 antiquo
552 1060 678 1162 ¹audibo
709 1063 808 1152 atque
833 1057 937 1230 gnrisd
954 1056 1011 1228 lbi
1037 1061 1151 1126 contra
1183 1060 1284 1125 uten-

855 1183 893 1230 as
939 1184 959 1230 a
982 1181 1012 1229 o.
1103 1176 1111 1191 ⁸

711 1283 743 1353 V

183 1430 245 1491 365
272 1420 390 1490 Scibas
417 1423 531 1490 natum
555 1421 737 1521 ingenuum
757 1420 910 1505 Aiacem,
944 1418 997 1488 cui
1019 1422 1055 1487 tu
1078 1417 1284 1489 obsidionem

832 1544 942 1614 paras.

674 1641 752 1711 ,vl

274 1778 356 1846 Nam
379 1779 424 1846 ila
448 1777 524 1846 mihi
543 1776 732 1849 Telamonis
756 1776 962 1892 patries-aui
983 1775 1087 1846 Ae'aci
1114 1777 1146 1844 et
1166 1776 1286 1866 proaui

275 1981 377 2052 Grata
404 1987 455 2054 est
482 1981 591 2076 gratia
621 1983 720 2078 aitque
746 1983 809 2054 hoc
830 1881 946 2158 llffiln
977 1981 1150 2052 candidum
1182 1980 1284 2052 clarel

466 2102 470 2115 ·
837 2110 868 2157 m
904 2110 924 2158 ι.
1034 2120 1038 2129 ·

170 2290 247 2339 Taso.
261 2288 329 2356 disp.
347 2290 383 2339 ΠΙ
397 2289 439 2348 13,
452 2289 486 2341 28
506 2289 637 2340 ‘uidentur
655 2290 723 2340 enim
738 2291 824 2340 omnia
837 2291 971 2357 repentina
986 2290 1115 2357 grauiora.
1144 2288 1185 2338 Ex
1199 2288 1247 2338 hoo
1261 2296 1285 2339 et

171 2360 217 2409 ille
231 2361 286 2409 iure
300 2359 450 2409 laudantur:
470 2375 528 2426 ego
543 2361 624 2410 onm’
645 2376 667 2411 e.
685 2377 710 2425 q.
726 2375 749 2410 s.
776 2361 875 2411 Ibidem
888 2363 932 2421 24,
949 2359 982 2412 58
1002 2364 1094 2424 ‘atque
1113 2358 1162 2408 hoc
1177 2358 1246 2408 idem
1260 2367 1285 2410 et

170 2430 301 2480 Telamo
323 2430 368 2480 ille
383 2430 496 2481 declarat
516 2428 604 2497 [3611‘
628 2431 734 2496 (Totum
746 2446 850 2483 uersum
863 2431 985 2482 exhibent
1000 2431 1080 2481 Marb.
1094 2428 1185 2479 Duisb.
1200 2427 1282 2480 Oxon.

169 2515 248 2561 nnus,
268 2507 292 2549 et
306 2501 392 2551 uerbis
406 2501 504 2567 genui
576 2500 697 2551 sustuli
711 2517 745 2550 m.
761 2501 805 2553 alt.
820 2502 940 2568 ascriptis
955 2502 1018 2568 Reg.
1035 2514 1092 2566 ego
1108 2515 1176 2549 oum
1188 2501 1285 2564 genui

171 2572 362 2621 moriturum
376 2570 574 2622 sciui-Vindd.
591 2571 691 2622 Moneo.
706 2572 723 2621 b
737 2570 820 2622 Rehd.
836 2580 860 2622 et
875 2571 970 2622 additis
984 2586 1018 2620 m.
1036 2568 1080 2620 alt.
1095 2569 1284 2620 moriturum

170 2640 257 2690 sciui
277 2641 353 2691 Bern.
376 2655 434 2707 ego
454 2656 521 2691 eum
541 2642 639 2707 genui
658 2638 750 2706 ceteri)
782 2639 880 2692 Seneoe
898 2641 931 2691 ad
943 2640 1033 2704 Polyb.
1053 2639 1173 2690 decons.
1196 2638 1238 2699 11,
1251 2639 1285 2690 311

172 2713 282 2773 ‘qnento
296 2710 341 2760 ille
352 2710 458 2771 iustior,
479 2711 523 2775 qni
538 2713 654 2761 nuntiata
665 2710 713 2760 lilii
727 2718 808 2761 morte
821 2711 926 2778 dignam
939 2724 1033 2776 magno
1047 2709 1102 2758 uiro
1118 2724 1207 2759 nocem
1216 2710 1284 2758 emi-

170 2780 218 2828 sit:
244 2793 302 2845 ego
386 2781 481 2829 sciui.
516 2780 624 2830 Prorsus
640 2794 691 2829 non
707 2780 808 2830 mireris
829 2796 862 2830 ex
881 2781 930 2831 hoc
949 2787 1036 2829 natum
1052 2794 1109 2829 esse
1123 2780 1167 2842 qui
1186 2778 1286 2828 fortiter

173 2848 237 2897 mori
256 2855 398 2912 posset
416 2864 473 2915 ego
548 2851 641 2900 eoini.
675 2848 774 2899 Deinde
793 2849 887 2900 adiecit
901 2865 954 2900 rem
968 2849 1074 2898 maioris
1093 2854 1117 2898 et
1134 2847 1285 2914 prudentiae

172 2926 197 2967 et
211 2917 305 2966 animi:
316 2935 320 2943 ·
330 2924 360 2967 et
377 2917 454 2966 huic
473 2918 520 2968 rei
540 2918 681 2969 sustuli!
711 2918 804 2968 Fronto
819 2919 851 2969 de
864 2917 933 2969 bello
946 2917 1032 2969 Parth.
1048 2933 1074 2984 p.
1092 2916 1142 2968 loo
1154 2917 1195 2966 ed.
1209 2917 1284 2967 Rom.

171 2986 237 3052 (105
251 2983 341 3050 Nieb.)
361 2988 408 3037 ‘an
422 2994 553 3038 cunctetur
566 2988 598 3038 de
612 2988 737 3046 militibus
751 2990 845 3038 nostris
859 2989 927 3039 Mars
941 2995 1015 3055 pater
1030 2987 1076 3036 illa
1090 2986 1194 3038 dicere?
1210 2984 1284 3052 [361]

171 3058 349 3106 Praeterea
365 3072 435 3106 curn
450 3058 489 3106 in'
508 3058 565 3124 (ob
582 3054 655 3121 cod.)
680 3061 820 3109 ‘terramm
838 3059 926 3109 orbem
950 3058 1025 3108 miei
1045 3057 1082 3107 ob
1096 3055 1285 3108 defenden-

171 3127 243 3176 dum
257 3126 408 3192 imperium,
429 3125 560 3177 Scibam
573 3143 620 3178 me
634 3128 667 3176 in
680 3123 855 3178 mortifera
870 3128 971 3179 bella'
988 3144 1011 3178 e.
1028 3143 1053 3191 q.
1068 3143 1090 3176 s.
1111 3126 1190 3176 ‘haec
1204 3128 1285 3177 uerba

170 3196 276 3247 Telamo
292 3196 402 3246 Troiano
422 3196 490 3247 bello
507 3197 539 3248 de
551 3199 605 3247 suis
623 3197 714 3247 liberie
727 3197 807 3248 semel
821 3198 936 3248 elocutus
953 3198 1009 3249 est)
1043 3197 1192 3248 Ciceronem
1206 3197 1282 3247 Tueo.

170 3266 239 3331 disp.
248 3267 283 3314 lIl
293 3265 375 3327 14‚3o
389 3273 491 3316 secutus
501 3267 671 3333 Hieronymus
680 3267 946 3334 Epitaph.Nepotieni
959 3284 985 3334 p.
993 3266 1044 3327 592
1054 3267 1134 3334 Mign.
1151 3267 1210 3316 ‘ubi
1219 3266 1285 3318 illud

170 3337 202 3387 ab
213 3334 322 3385 infantia
332 3337 445 3386 studium
455 3336 596 3387 litteramm
609 3345 634 3388 et
643 3339 814 3403 Anaxagorae
827 3354 857 3388 ao
866 3338 1054 3389 Telamonis
1067 3336 1170 3404 semp'er
1181 3337 1286 3388 laudata

171 3406 310 3457 sententia:
331 3407 474 3456 sciebam
491 3423 538 3457 me
556 3408 910 3474 genniseemortalemz’
982 3408 1017 3458 lV
1036 3407 1134 3459 Nonius
1148 3422 1174 3474 p.
1190 3408 1283 3468 50111

172 3475 499 3542 ‘endiboproandiem
526 3477 624 3528 Ennius
635 3478 841 3530 Telemone...'
912 3480 936 3527 V
955 3479 1045 3530 Festus
1060 3494 1087 3545 p.
1101 3477 1193 3529 198Μ.
1214 3479 1285 3528 ‘ob-

170 3545 333 3597 sidionem
359 3547 445 3612 potiue
463 3546 600 3598 dicendum
620 3565 677 3600 esse
698 3564 775 3612 qnam
798 3547 928 3605 obsidium
951 3549 1057 3601 adiuuat
1075 3563 1122 3600 nos
1138 3549 1284 3599 testimonio

170 3631 217 3668 sno
230 3615 328 3667 Ennius
340 3617 367 3666 in
381 3616 535 3678 Telamone,
555 3633 633 3683 quom
646 3619 682 3669 eit
696 3626 719 3669 .·.
729 3620 753 3669 .’
823 3619 860 3669 VI
879 3619 977 3673 Nonius
992 3635 1018 3686 p.
1034 3618 1078 3681 85,
1093 3620 1127 3672 23
1146 3619 1283 3681 ‘claret,

167 3760 381 3779 p—

210 3862 262 3919 362
285 3857 378 3930 missi„
400 3860 451 3916 sed
462 3864 494 3916 ut
505 3863 586 3933 prior
601 3879 614 3917 s
629 3863 758 3918 uideatur
773 3861 861 3918 deleta
875 3878 943 3932 esee,
965 3863 1070 3920 Fronto
1156 3866 1209 3921 363
1231 3863 1283 3916 soi-

125 3952 128 3957 '
168 3947 232 4000 bam
247 3943 364 4000 Fronto.
390 3946 514 4001 sciebam
533 3945 672 4004 Ciceronis
693 3947 758 4020 otri
789 3944 792 3949 ’
840 3952 893 4008 361
915 3955 996 4020 atque
1011 3946 1111 4003 Bamb.
1134 3962 1224 4017 neque
1239 3959 1282 4001 ee-

168 4031 222 4083 teri
234 4029 298 4084 libri
382 4031 502 4087 utendoe
517 4032 616 4087 Bomb.
679 4036 756 4092 ’366
776 4034 821 4088 aui
841 4032 929 4088 Aeaei
945 4031 1085 4104 Berytiuc
1100 4030 1176 4086 Mus:
1190 4029 1282 4085 Rhea.

172 4115 239 4170 1835
256 4130 288 4184 p.
313 4116 357 4172 73.
379 4116 519 4186 atquelaci
540 4117 618 4173 otri.
687 4117 760 4172 touls
780 4115 857 4172 Leid-
944 4119 997 4174 667
1025 4122 1105 4188 grata
1127 4121 1171 4170 est
1192 4114 1283 4187 gratia

169 4195 401 4337 &germanitus
417 4200 519 4273 Opueo.
542 4200 604 4259 VII
618 4207 681 4262 380.
705 4202 796 4274 gratia
819 4216 854 4254 ee
874 4207 918 4254 est
935 4201 1006 4258 lion.
1029 4201 1119 4274 gratia
1137 4205 1222 4281 ‘grata
1239 4206 1282 4257 est

246 4296 279 4337 ue
