2932 4942
622 320 856 377 ANNALIVM

289 607 368 677 lndc
387 607 448 677 sibi
463 614 639 692 memorat,
667 629 769 677 unum
791 629 989 699 superesse
1007 608 1162 678 laborem.

687 759 747 829 Xll
761 759 802 796 **

201 889 261 949 160
288 881 400 973 Atque
423 881 626 972 gubernator
647 902 770 972 magna
788 880 948 951 contorsit
968 903 1073 974 equos
1092 880 1156 948 ui·

687 1033 762 1103 Xlll
776 1029 793 1069 *

288 1154 423 1224 Somnia
445 1177 526 1224 uera
548 1154 688 1245 aliquot,
717 1176 833 1223 uerum
854 1155 964 1224 omnia
984 1177 1096 1253 npepu
1115 1157 1310 1234 necessest.

699 1307 780 1377 XlV

288 1414 422 1496 Caelum
445 1426 597 1516 suspexit
618 1426 723 1497 stellis
742 1426 946 1521 fulgentibus
966 1428 1088 1517 aptum.

182 1629 278 1677 Roma
301 1629 327 1676 in
341 1628 437 1677 Palatio
457 1635 515 1677 ante
534 1628 658 1694 templum
674 1629 803 1696 Apollinis
825 1630 934 1688 dicitur,
961 1628 1006 1677 ubi
1021 1630 1134 1693 reposito
1148 1635 1206 1678 suut
1231 1644 1296 1691 quae

183 1699 265 1748 solent
280 1699 339 1746 honi
355 1698 448 1747 ominis
461 1698 544 1764 gratia
558 1699 584 1747 in
600 1699 663 1748 urbe
678 1699 812 1750 condenda
827 1700 960 1759 adhiberi,
981 1700 1041 1761 quia
1053 1714 1116 1748 saxo
1131 1700 1243 1747 munitus
1258 1707 1297 1747 est

184 1769 256 1817 initio
272 1769 297 1815 in
316 1769 429 1833 speciem
447 1768 605 1829 quadratam.
627 1770 682 1819 cius
703 1769 753 1819 loci
769 1771 866 1819 Ennius
895 1784 938 1817 ιιι·
966 1783 1024 1816 cum
1046 1769 1093 1817 ait:
1120 1770 1158 1818 et’
1184 1785 1206 1817 e.
1228 1784 1252 1830 q.
1273 1784 1294 1816 s.

183 1838 264 1887 Ennio
286 1853 335 1885 non
357 1845 424 1886 recte
444 1853 504 1886 usus
524 1846 562 1887 est
582 1838 685 1898 Festus,
715 1841 737 1888 si
756 1841 860 1902 quidem
879 1847 955 1904 poeta
973 1839 1176 1900 antiquissimam
1194 1838 1296 1887 Romuli

181 1908 270 1957 urbem
292 1907 432 1972 significat:
464 1923 514 1970 qna
541 1908 572 1956 de
597 1909 657 1957 uide
676 1910 706 1958 H.
730 1908 843 1974 Magium
861 1910 887 1958 in
906 1907 977 1958 Grut.
997 1908 1087 1973 Lamp.
1109 1908 1131 1957 ll
1156 1907 1224 1958 1386
1255 1907 1294 1956 Gi.

182 1977 211 2028 0.
226 1977 364 2026 Muellerus
379 1977 411 2026 de
423 1976 477 2025 reb.
492 1978 591 2029 Etrusc.
607 1978 629 2027 ll
647 1978 697 2029 145
721 1978 751 2028 G.
763 1980 795 2027 Α.
809 1979 940 2029 Beckerus
952 1978 1039 2040 Antiq.
1056 1978 1129 2029 Rom.
1147 1978 1157 2025 l
1174 1976 1225 2029 106
1249 1977 1296 2025 llic

181 2049 258 2096 inseri
274 2047 343 2095 iubet
357 2046 391 2095 M.
408 2046 527 2095 llertzlus
542 2047 649 2096 Excurs.
667 2048 758 2112 philol.
775 2047 834 2097 elin.
849 2064 876 2113 p.
887 2049 921 2097 42
991 2046 1027 2095 Xl
1047 2047 1144 2096 Gellius
1160 2048 1218 2096 122
1238 2047 1296 2095 ‘sed

182 2117 326 2166 inuenimus
342 2117 367 2164 in
385 2116 459 2164 tertio
474 2116 539 2164 Enni
554 2116 683 2166 annalium
703 2118 729 2165 in
745 2117 794 2167 boc
813 2132 904 2167 uersu:
929 2116 1002 2165 inde'
1023 2133 1046 2165 e.
1061 2133 1085 2179 q.
1100 2133 1121 2166 s.
1145 2117 1187 2165 ‘id
1204 2124 1242 2165 est
1256 2132 1295 2165 re-

183 2188 277 2236 licuum
293 2200 349 2234 essc
364 2193 389 2234 et
402 2193 511 2234 restare:
538 2186 606 2249 quod
620 2188 723 2248 quidem
738 2185 821 2237 diuise
835 2186 1050 2252 pronuntiandum
1065 2195 1118 2245 est,
1142 2193 1230 2235 utnon
1245 2201 1296 2233 una

182 2271 241 2322 pars
262 2255 384 2302 orationis
408 2268 464 2304 esse
490 2255 608 2303 uideatur
633 2256 680 2306 sed
702 2257 786 2305 duae.’
811 2256 863 2320 (in
886 2256 985 2306 tertio
1009 2270 1059 2305 om.
1079 2254 1197 2305 Rottend.
1220 2256 1294 2304 enni

181 2328 239 2375 Vat.
260 2322 442 2373 tiniRottend.
469 2325 520 2374 eni
536 2322 608 2387 Par.)
677 2326 726 2375 Xll
746 2325 878 2376 Charisius
900 2326 935 2374 lV
958 2341 984 2389 p.
1001 2326 1053 2375 244
1067 2325 1095 2374 P.
1118 2322 1295 2390 (lornant.)

181 2393 368 2460 (metaphorae
389 2391 553 2457 communes)
581 2398 672 2457 ‘quem
695 2396 834 2446 admodum
859 2397 885 2444 in
903 2395 963 2444 naui
992 2395 1083 2460 auriga
1105 2395 1199 2445 dicitur
1224 2402 1249 2444 et
1269 2396 1294 2443 in

184 2479 259 2515 curm
272 2464 440 2529 gubernator,
461 2471 501 2512 ut:
521 2465 627 2529 magna’
642 2481 665 2513 e.
680 2481 705 2528 q.
719 2481 740 2515 s.
770 2466 867 2515 Eadem
881 2464 958 2514 habet
970 2465 1108 2515 Diomedes
1122 2465 1144 2513 ll
1158 2480 1184 2529 p.
1200 2464 1248 2514 451
1265 2465 1293 2512 P.

181 2535 352 2594 Quintilianus
365 2534 425 2582 Vlll
442 2533 497 2592 ao
512 2531 697 2598 (comparatio)
712 2538 786 2585 ‘cum
800 2536 827 2585 iu
842 2535 918 2584 rebus
932 2534 1085 2583 animalibus
1097 2534 1167 2584 aliud
1180 2547 1228 2599 pro
1243 2534 1294 2583 alio

181 2606 298 2671 ponitur,
317 2611 344 2652 ut
357 2604 390 2653 de
405 2604 544 2668 agitatore:
566 2603 721 2668 gubernator
787 2605 823 2654 ui.
840 2612 865 2654 et
880 2613 908 2653 ut
923 2604 1024 2654 Liuius¹
1039 2620 1062 2654 e.
1075 2620 1100 2667 q.
1115 2620 1138 2653 s.
1173 2603 1294 2654 Claudius

181 2674 306 2724 Sacerdos
319 2674 329 2722 l
344 2689 371 2738 p.
383 2671 418 2723 43
428 2672 502 2722 nudi.
522 2673 687 2738 ‘metaphora
698 2673 775 2724 —ab
791 2674 895 2724 animali
911 2674 945 2723 ad
959 2673 1082 2725 animale:
1098 2674 1185 2737 atque’
1200 2689 1223 2723 e.
1235 2689 1260 2736 q.
1271 2689 1292 2722 s.

180 2745 261 2795 Ennio
282 2758 384 2792 uersum
402 2750 461 2809 post
480 2744 499 2792 l.
513 2743 547 2793 Μ.
566 2743 706 2794 Gesnerum
723 2745 750 2793 in
769 2744 825 2793 lud.
845 2743 949 2802 Quintil.
972 2744 1113 2794 uindicauit
1132 2745 1164 2793 Α.
1181 2742 1294 2793 Kochius

180 2815 271 2864 Exere
287 2815 343 2863 erit.
364 2829 390 2878 p.
406 2813 438 2862 11
508 2813 569 2862 Xlll
590 2813 679 2863 Cicero
701 2814 734 2864 de
752 2813 806 2863 (11ιι.
823 2815 846 2863 11
868 2814 912 2873 62,
933 2812 983 2863 127
1006 2813 1294 2876 ‘aliquotsomnia

180 2900 271 2943 nera,
292 2882 499 2945 iuquitEnnius‚
520 2883 1005 2933 sedomuianonestnecessel
1035 2882 1245 2933 Huerettulitll
1261 2883 1294 2930 ll-

179 2956 293 3020 bergius
330 2952 484 3019 Epicharmo
504 2953 647 3018 Merulap.
666 2953 771 3012 Lxxn,
791 2953 895 3019 tragicis
916 2953 980 3017 (inc.
1000 2968 1069 3003 nom.
1090 2950 1210 3021 LVl)0.
1232 2952 1280 3001 nib
1282 2982 1294 2990 -

180 3025 286 3075 becluus
296 3025 415 3081 ascribit
430 3022 477 3072 sed
489 3022 522 3073 ci
536 3023 647 3073 eundem
657 3023 709 3074 ad
703 3038 753 3072 nro
767 3024 817 3071 iuc
829 3023 882 3073 lab.
893 3022 1001 3072 LXVlll
1071 3022 1132 3071 xlv
1148 3014 1293 3075 Macrobius

179 3094 232 3144 Sat.
244 3093 343 3159 Vllp
345 3092 512 3144 ..1498161
521 3108 597 3143 axem
613 3107 701 3143 umero
721 3100 820 3174 torquet
838 3092 919 3142 stellis
934 3092 1081 3143 ardentibus
1095 3099 1192 3156 aptum.
1215 3090 1290 3172 [Aen.

178 3166 213 3214 lV
226 3163 288 3228 482]
315 3110 439 3213 llpnnius
432 3178 459 3211 ru
481 3165 579 3228 primo.
607 3155 727 3252 [XXVII]
750 3163 815 3212 etin
830 3163 918 3212 tertio:
944 3161 1212 3226 caelum...aptum
1228 3163 1292 3211 etin

178 3234 292 3283 decimo:
317 3233 654 3299 hincnoxprocessit'
677 3247 777 3295 e.q..s
803 3231 856 3299 (ru
875 3232 937 3291 lll⁰
963 3247 1014 3282 om.
1029 3241 1073 3308 et,
1091 3230 1185 3281 Salisb.
1207 3239 1238 3281 et
1259 3247 1292 3280 ιιι

176 3462 236 3512 erat
251 3457 312 3512 cod.
333 3463 362 3511 et
382 3456 444 3528 quis
467 3473 498 3510 se
514 3461 610 3526 sperat
625 3455 787 3516 Salmasius.
812 3463 840 3511 et
860 3458 907 3528 qui
930 3474 961 3512 se
983 3461 1077 3529 sperat
1094 3455 1124 3512 0.
1139 3455 1292 3512 Muellerus

262 3546 312 3601 159
327 3556 489 3613 superesse
509 3540 571 3596 Vct.
591 3558 676 3610 super
691 3559 744 3596 om.
757 3541 827 3596 Par.
850 3558 1000 3612 superesse
1018 3544 1103 3597 ceteri
1186 3546 1239 3601 160
1253 3547 1292 3595 at-

176 3643 229 3697 que
252 3625 391 3682 Claudius.
415 3641 534 3697 cumque
556 3625 716 3692 Diomedes,
738 3643 791 3681 om.
815 3626 959 3682 Charisius
979 3632 1004 3681 et
1024 3626 1207 3693 Quintilianus

175 3727 278 3782 magno
294 3712 382 3767 Dium.
470 3725 572 3805 equum
588 3711 615 3765 ui
630 3711 691 3777 (uia
709 3717 736 3765 ut
753 3710 822 3767 Tur.
835 3711 940 3784 Gttclf.)
956 3711 1065 3778 Quintil.
1080 3728 1162 3782 equo,
1180 3726 1233 3765 om.
1252 3711 1288 3776 ui,

175 3796 266 3852 Diem.
352 3813 390 3851 m.
405 3812 431 3850 c.
448 3812 474 3849 e.
490 3795 517 3848 ui
533 3797 702 3865 gubernator
717 3795 802 3853 Char.
911 3802 960 3855 161
976 3797 1085 3851 somnia
1101 3812 1170 3851 uera
1185 3796 1291 3865 aliquot

173 3880 211 3937 Η.
226 3880 371 3954 llberpius
392 3881 498 3951 aliquot
514 3881 624 3935 somnia
645 3896 711 3935 uera
732 3881 826 3937 Cicero
912 3881 1060 3937 uerumH.
1075 3880 1221 3952 Ilbcrqius.
1237 3880 1290 3935 sed

174 3967 269 4023 Cicero
355 3982 449 4020 noenu
470 3980 590 4019 necesse
607 3965 645 4021 Η.
661 3965 806 4036 Ilberpius.
828 3982 884 4021 non
904 3972 948 4021 est
968 3981 1087 4021 necesse
1104 3965 1214 4032 Cs’cero,
1237 3967 1291 4020 ndi

173 4053 246 4122 quod
260 4069 316 4107 non
332 4067 452 4106 necesse
467 4055 511 4103 est
525 4065 597 4105 unus
611 4049 820 4105 codexMoseri.
836 4052 942 4123 aliquot
956 4057 1021 4106 sunt
1037 4067 1105 4106 uera
1121 4050 1241 4115 somnia,
1261 4055 1289 4104 at

174 4152 230 4191 non
247 4138 342 4192 omnia
361 4141 403 4191 e'st
418 4149 537 4191 necesse
550 4135 624 4189 siua-
647 4136 742 4190 omnia
759 4152 823 4190 esse
841 4153 896 4191 non
912 4142 1060 4203 necessest
1076 4135 1106 4191 0.
1123 4133 1289 4191 Ribbeckius

281 4227 332 4282 162
353 4221 501 4294 prospexit
518 4218 583 4276 libri
