2932 4942
603 344 845 415 RELIQVIAE

671 512 780 582 LXIV

207 652 211 661 '
270 703 278 718 .
331 650 388 717 aut
409 648 596 739 permaccat
618 646 728 736 paries
748 665 929 737 percussus
948 641 1053 712 trilaci

678 794 774 866 LXV

181 938 242 998 525
270 984 277 997 .
333 929 411 999 illud
433 952 500 1022 qua
522 929 586 999 iam
609 928 711 999 semel
735 932 787 997 est
809 919 944 997 imbutu'
964 947 1093 994 ueneno

669 1080 780 1153 LXVI

272 1209 364 1279 Sicut
389 1210 494 1303 siquis
513 1214 597 1283 ferat
613 1237 675 1284 uas
693 1206 761 1283 uini
781 1211 981 1282 dimidiatum

576 1387 585 1393 “
661 1363 783 1434 LXVII

269 1492 381 1583 Atque
400 1496 499 1585 atque
517 1495 641 1564 accedit
659 1516 773 1565 muros
792 1492 942 1567 Romana
961 1493 1125 1562 iuuentus.

657 1608 794 1714 xatuu

334 1823 341 1838 .
396 1773 612 1868 fortunasque
633 1797 714 1844 suas
734 1778 874 1864 caepere
894 1737 1040 1842 latrones

272 1874 360 1943 inter
379 1897 416 1943 se
438 1899 630 1948 memorare.
674 1895 677 1899 ’

336 437 356 473 N

672 2028 778 2100 LXIX

185 2165 246 2226 530
274 2157 398 2227 Elludit
418 2180 518 2229 uoces
540 2161 675 2252 proprio
696 2182 770 2230 cnm
790 2163 924 2251 pectore
944 2162 1069 2261 sancta.

107 2382 111 2389 ·
171 2395 276 2408 .......
277 2357 303 2424 ]:
317 2360 440 2410 inulctus'
459 2377 482 2410 e.
497 2377 522 2424 q.
536 2376 557 2411 s.
584 2363 660 2412 Ennii
672 2376 776 2412 uersum
790 2370 849 2428 post
860 2361 996 2412 Dacerium
1009 2359 1039 2411 0.
1054 2359 1192 2410 Muellerus
1204 2375 1283 2427 agno-

169 2429 206 2476 uit
274 2430 357 2480 LXIV
379 2429 474 2481 Paulus
492 2432 562 2482 Festi
581 2447 607 2498 p.
623 2431 674 2484 367
690 2433 723 2483 M.
750 2432 883 2482 ‘triiax’
905 2430 1060 2498 (triphax
1080 2431 1156 2481 ‘boui
1178 2428 1283 2495 codd')

170 2498 263 2547 ‘telum
286 2499 454 2567 longitudinis
473 2501 550 2550 trium
570 2503 730 2563 cubitorum,
749 2503 819 2566 quod
831 2501 960 2567 catapulta
977 2501 1093 2551 mittitur.
1121 2501 1217 2550 Ennius
1231 2501 1282 2550 ...’

237 2568 308 2620 LXV
326 2571 416 2620 Festus
438 2586 465 2637 p.
484 2570 536 2622 376
554 2572 587 2621 Μ.
612 2570 822 2638 ‘[uenenari]
843 2572 962 2621 dicebant
981 2572 1094 2634 antiqui,
1119 2572 1192 2619 cuius
1213 2570 1283 2619 color

169 2637 304 2689 inliciendo
320 2648 447 2700 mutatur,
466 2649 495 2690 ut
506 2642 603 2691 Ennius
620 2643 757 2706 cumlait:
777 2657 834 2691 cum
847 2641 925 2691 illud'
949 2659 972 2690 e.
987 2657 1012 2704 q.
1029 2656 1050 2691 s.
1123 2640 1206 2690 LXVI
1225 2638 1283 2690 Gel-

170 2707 219 2756 lius
232 2710 268 2757 Ill
281 2709 314 2759 14
333 2711 500 2773 ‘disseritque
521 2725 551 2760 ac
569 2712 675 2763 diuidit’
703 2708 814 2777 (Varro)
834 2711 1033 2769 ‘subtilissime
1061 2709 1124 2773 quid
1148 2709 1282 2759 dimidium

169 2777 303 2828 dimidiato
332 2780 432 2830 intersit
459 2788 484 2830 et
511 2779 541 2839 Q.
570 2781 692 2832 Ennium'
722 2780 758 2846 (q
785 2782 842 2830 Par.
870 2780 936 2846 Reg.
979 2795 1038 2842 que
1062 2779 1184 2830 henniti
1204 2775 1284 2840 Vat.)

170 2848 293 2898 ‘scienter
305 2847 354 2898 hoc
372 2851 397 2898 in
416 2849 551 2899 annalibus
564 2852 664 2900 dixisse
684 2850 733 2898 ait:
762 2851 864 2899 sicuti
958 2849 1178 2908 dimidiatum
1207 2848 1283 2896 sicuti

170 2931 231 2981 pars
243 2933 309 2979 quae
323 2917 395 2968 deest
412 2919 436 2966 ei
456 2933 520 2968 uaso
536 2934 587 2968 uon
605 2918 740 2970 dimidiata
754 2919 863 2968 dicenda
881 2926 920 2968 est
938 2917 985 2968 aed
1002 2918 1128 2967 dimidia.’
1156 2916 1284 2981 (dixis-

170 2992 219 3048 set
239 2987 284 3036 ait
299 3023 305 3034 .
320 2987 429 3037 sicuti.
462 2986 584 3051 Siquis
603 2986 678 3050 Vat.)
747 2987 842 3037 LXVII
861 2987 958 3036 Gellius
972 2987 997 3036 X
1012 2985 1047 3037 29
1069 2987 1185 3051 (atque
1204 2986 1284 3050 parti-

170 3053 242 3119 cula)
261 3057 379 3121 ‘gemina
393 3056 416 3104 si
429 3054 486 3115 ilat,
507 3065 584 3122 auget
596 3056 755 3118 intenditque
767 3071 835 3116 rem,
854 3056 886 3105 de
903 3071 953 3119 qua
964 3055 1064 3122 egitur,
1082 3062 1110 3103 ιιι
1122 3054 1284 3104 animaduer-

170 3128 248 3176 timus
261 3126 287 3174 in
300 3124 329 3183 Q.
345 3126 433 3175 Ennii'
451 3126 571 3190 (inque
585 3127 659 3177 enni
673 3123 772 3191 Lugd.)
791 3125 961 3185 ‘anualibns‚
980 3125 1031 3174 nisi
1050 3125 1174 3174 memoria
1190 3125 1217 3173 in
1236 3123 1284 3173 hoc

144 3251 145 3254 Ἴ
171 3211 248 3250 uersu
263 3195 349 3245 labor:
374 3196 466 3257 atque’
487 3211 509 3245 e.
530 3212 555 3258 q.
575 3211 597 3249 s.
623 3195 841 3261 (laboratque
861 3194 937 3244 Bern.
959 3195 1036 3244 Voss.
1060 3193 1161 3253 labat,
1187 3201 1284 3257 atque

170 3261 250 3330 Reg.)
278 3263 375 3314 Nonius
388 3280 415 3330 p.
429 3263 489 3324 530,
504 3264 521 3316 3
545 3268 653 3328 ‘atque
666 3263 812 3330 particula,
831 3265 854 3313 si
868 3265 1017 3330 diligentius
1031 3263 1200 3329 intellegitur,
1218 3264 1283 3313 mul-

171 3345 222 3384 tam
241 3333 318 3384 habet
336 3333 550 3401 significantiam,
569 3343 596 3384 ut
613 3334 655 3385 uel
674 3334 740 3384 illud
758 3342 797 3384 cst
809 3334 889 3385 Enni:
909 3342 985 3397 atque
1061 3335 1194 3394 iuuentus;
1215 3335 1284 3398 quad

171 3413 210 3454 est
232 3403 324 3453 festine
343 3413 367 3455 et
386 3405 572 3470 intrepidanter
593 3404 727 3455 accendit·
798 3403 906 3455 LXVIII
924 3404 1021 3455 Nonius
1040 3421 1068 3471 p.
1091 3403 1151 3465 134,
1168 3405 1202 3458 ’29
1224 3405 1308 3465 ‘la-¹
1386 3457 1396 3474 κ

171 3474 352 3535 trociuari,
376 3474 481 3523 militari
499 3475 625 3525 mercede.
658 3474 762 3524 Plautus
781 3501 817 3510 -
835 3475 933 3525 Ennius
953 3476 1006 3525 ...⁹
1076 3475 1159 3526 LXIX
1177 3475 1283 3526 Seruius

171 3542 410 3610 inGeorg.11424
434 3544 571 3617 ‘grauidas
590 3560 647 3595 cum
667 3559 771 3595 uomere
789 3543 891 3611 fruges:
912 3561 981 3596 cum
1001 3545 1115 3596 abundat
1133 3574 1168 3584 —
1181 3575 1216 3584 -
1233 3546 1283 3596 En-

213 3758 266 3811 524
283 3758 460 3823 permaneret
473 3750 544 3820 libri,
559 3752 693 3808 tueturA.
704 3750 828 3809 Kochius
838 3751 946 3809 Exere.
962 3752 1023 3808 crit.
1035 3770 1069 3825 p.
1083 3756 1111 3811 8.
1126 3753 1284 3824 perluceret

173 3837 206 3894 0.
218 3837 370 3895 Muellerus
474 3843 527 3896 525
541 3854 605 3892 curn
619 3837 689 3893 illud
704 3838 765 3893 cad.
781 3854 854 3909 cupa
869 3836 938 3894 illud
951 3835 982 3892 0.
994 3837 1146 3894 Muellerus
1232 3839 1284 3892 irn-

170 3925 313 3981 butaeud.
422 3927 473 3982 526
489 3924 561 3979 sicut
574 3919 772 3978 Luehmunuus
785 3923 825 3978 ud
837 3923 923 3981 Lucr.
937 3921 975 3978 ΙΙ
986 3925 1048 3981 536.
1066 3922 1147 3977 sicuti
1159 3922 1223 3976 libri

212 4011 264 4066 sat
295 4009 413 4065 alterum
439 4015 522 4079 atque
545 4024 599 4063 om.
621 4007 741 4076 uuae,
767 4008 837 4080 Req.
860 4009 949 4076 Gellii,
978 4021 1122 4076 superscr.
1148 4008 1177 4061 iu
1205 4004 1284 4062 Vasa.

256 4093 386 4148 accendit
401 4093 484 4149 Nonii
495 4093 567 4149 tetri.
583 4092 711 4150 ascendit
726 4094 770 4148 cd.
786 4099 855 4151 1480
869 4093 954 4148 Nouii
1057 4093 1110 4147 528
1125 4102 1191 4144 suas
1205 4089 1282 4145 Mer·

171 4188 263 4230 cerus.
293 4193 364 4248 quas
390 4178 454 4233 turi
474 4193 537 4234 cum
557 4178 657 4233 Bumb.
744 4193 847 4249 cepere
876 4175 974 4232 aaut.
1081 4177 1133 4232 529
1156 4174 1226 4230 inter
1251 4193 1282 4230 se

173 4274 236 4314 rare
250 4259 325 4315 Leid.
968 4271 972 4279 ·
