2932 4942
545 305 898 366 Tanccunlnnvm

632 473 813 550 Telamo

717 615 732 685 l

657 732 792 803 Telamo

269 837 354 930 'Ego
372 838 468 908 deum
487 860 597 930 genus
612 837 689 907 e'sse
706 858 839 929 semper
857 834 925 904 dixi
943 837 976 902 et
994 831 1099 901 dicam
1116 829 1279 913 caelitum,

271 940 339 1011 sed
373 963 433 1013 ecs
467 964 534 1012 nen
558 942 675 1011 curare
702 939 836 1032 opinor,
880 936 957 1030 quid
993 939 1074 1028 agat
1103 934 1281 1004 humanum

182 1155 245 1218 355
272 1147 354 1218 Nam
381 1146 410 1217 si
434 1151 567 1233 curent,
603 1145 687 1216 bene
711 1145 807 1217 bonis
828 1062 1013 1229 {ptume
1043 1141 1156 1226 malis,
1193 1140 1282 1233 quod

661 1326 664 1331 ἢ
711 1349 741 1423 Π
831 1247 919 1316 minc
941 1245 1044 1315 abest.

273 1469 341 1539 Se'd
360 1431 583 1562 superstiticisi
603 1474 699 1540 uates
722 1469 986 1562 {npudentesque
1004 1465 1109 1551 arioli,

272 1574 342 1642 Am
360 1574 482 1644 inertes
499 1576 556 1645 ant
574 1574 680 1644 insani
699 1577 756 1643 aut
775 1573 897 1668 quibus
914 1574 1051 1663 egestas
1071 1568 1219 1659 imperat,

162 1725 165 1728 <
274 1676 340 1761 Qut
358 1676 419 1746 sibi
438 1677 588 1748 semitam
607 1700 673 1748 non
695 1677 845 1768 sapiunt,
869 1673 963 1744 alteri
983 1672 1167 1743 monstrant
1186 1672 1284 1753 uiam,
1384 1703 1387 1707 v

160 1792 166 1817 ¹
274 1781 402 1864 Quibus
418 1781 565 1852 diuitias
594 1781 809 1874 pelliceatus,
844 1778 885 1848 ab
913 1777 962 1847 eis
986 1766 1198 1848 drachumam
1223 1775 1288 1865 ipsi

184 1994 247 2056 360
276 1983 336 2077 [Dc
367 1987 419 2056 his
448 1986 570 2057 diuitiis
600 1987 664 2056 sibi
690 1885 1112 2067 deducanlietdmritchumam‚
1149 1980 1288 2050 reddant

728 2111 732 2117 ·
836 2086 968 2178 cetera]

694 2187 766 2259 ΠΙ*

663 2262 798 2380 Telamo

275 2409 361 2503 'Ego
379 2433 452 2481 cum
471 2411 588 2504 genui,
609 2412 680 2482 trim
698 2411 876 2483 morituros
893 2409 976 2481 sciui
994 2412 1027 2478 et
1045 2407 1075 2477 ei
1092 2405 1139 2476 rei
1158 2405 1289 2475 sustuli.

208 2614 328 2662 Tacsuo
363 2612 607 2665 lGicercdcdiu.
628 2615 784 2676 1150,1uc
813 2618 860 2666 ‘an
880 2621 965 2664 noster
985 2611 1101 2663 Ennius?
1130 2611 1173 2672 qui
1196 2618 1307 2674 magne*

174 2683 268 2749 plausu
280 2683 391 2745 loquitur
403 2683 557 2734 assentiente
570 2687 667 2751 populo
685 2685 757 2753 [353.
772 2684 845 2751 354}
882 2685 913 2735 m
932 2682 1036 2747 quidem
1053 2696 1098 2730 cur
1112 2680 1151 2730 sic
1163 2680 1292 2745 opinetur,

174 2754 299 2803 rationem
318 2753 421 2803 subicit.
456 2751 510 2805 Sed
524 2753 588 2804 nihil
602 2763 757 2807 estnecesse
771 2756 858 2808 dicere
874 2769 940 2818 quae
955 2759 1108 2815 sequuntur:
1135 2756 1233 2800 tautum
1251 2757 1295 2798 sat

175 2830 214 2873 est
228 2822 359 2891 intellegi,
379 2823 406 2873 id
420 2838 522 2873 sumere
538 2824 602 2874 istus
620 2841 667 2892 pro
681 2834 766 2886 certe,
784 2825 853 2889 quud
865 2824 971 2874 dubium
985 2829 1227 2882 controuersumque
1239 2820 1292 2868 sit.'

176 2893 247 2943 ldem
263 2893 296 2942 de
313 2891 607 2954 nutrimentum
625 2896 745 2946 ‘Telamo
763 2903 848 2946 autem
865 2908 915 2944 uno
934 2906 1010 2943 uersu
1029 2899 1110 2941 tutum
1130 2890 1214 2939 lucum
1232 2903 1293 2938 con-

176 2962 241 3023 ticit,
262 2978 308 3013 cur
326 2963 354 3012 di
372 2962 491 3013 homines
509 2964 647 3030 neglegant
666 2963 762 3032 [3551]
796 2966 866 3015 tdem
885 2963 917 3014 de
936 2960 990 3013 diu.
1006 2963 1015 3010 Ι
1033 2955 1257 3025 58,132(cf.n)

213 3033 236 3081 ll
255 3031 343 3082 Cicero
358 3032 391 3082 de
406 3033 459 3083 diu.
473 3034 485 3082 1
500 3031 543 3094 58,
557 3032 607 3085 132
626 3037 708 3084 ‘nunc
723 3035 769 3084 illa
785 3034 912 3094 testabor,
929 3046 979 3082 non
998 3047 1040 3081 ma
1058 3029 1195 3095 sortilegus
1209 3043 1293 3091 neque

176 3117 235 3163 ecs,
255 3103 298 3165 qui
311 3109 432 3167 quaestus
444 3117 523 3153 causa
534 3104 674 3154 eripientur
740 3119 888 3171 agnoscere.
921 3103 977 3152 Nan
989 3101 1072 3152 habeo
1091 3099 1202 3161 denique
1217 3099 1293 3147 nauci

177 3173 289 3221 Marsum
312 3187 450 3238 augurem,
475 3186 525 3222 non
543 3174 650 3224 uicenos
672 3175 820 3240 aruspices,
845 3188 896 3223 nan
917 3173 950 3222 de
969 3172 1037 3221 circe
1059 3169 1216 3235 astrologos,
1241 3182 1293 3216 non

177 3243 273 3292 Isiacos
299 3242 470 3300 coniectores,
500 3257 551 3293 ncn
572 3244 723 3311 interpretes
744 3245 931 3307 somniorum„
949 3241 1006 3292 Nan
1030 3241 1099 3290 enim
1119 3245 1177 3289 suut
1198 3237 1225 3287 hi
1249 3245 1294 3287 aut

177 3312 285 3362 scicntia
296 3319 340 3361 aut
352 3319 407 3362 arte
422 3312 520 3373 diuini,
539 3313 595 3363 sad
608 3315 852 3380 superstitiosi’
867 3330 890 3364 e.
906 3329 932 3376 q.
945 3328 967 3362 s.
998 3311 1098 3373 ‘Atque
1112 3309 1176 3360 haec
1188 3307 1294 3371 quidem

178 3382 291 3440 Ennius,
316 3381 360 3445 qui
381 3382 471 3448 paucis
491 3389 550 3433 anta
567 3385 686 3435 uersibus
705 3400 778 3434 essa
797 3384 873 3440 deus
894 3388 994 3442 censet,
1021 3380 1078 3430 sed
1093 3385 1222 3430 eoa‘non
1239 3391 1294 3426 cu-

178 3465 249 3500 rare
269 3451 438 3515 opinatur,
462 3452 539 3515 quid
558 3463 635 3519 agat
652 3454 824 3505 humanum
842 3453 966 3519 genus!
999 3451 1130 3501 Ennianus
1144 3463 1235 3505 uersus
1247 3447 1294 3497 de·

178 3535 248 3571 mum
268 3535 284 3568 a
301 3519 388 3569 uerbis
410 3520 472 3570 ‘sed
486 3523 672 3586 superstitiosi’
695 3525 809 3590 incipere
825 3522 952 3574 intellexit
968 3520 1077 3572 Bothius
1147 3520 1184 3570 Ill
1204 3517 1294 3568 Cicera

219 3731 272 3788 356
294 3726 346 3783 sed
362 3728 470 3783 ‘atrum
480 3727 566 3784 Ennii
578 3732 613 3787 sit
626 3749 665 3794 aa
677 3732 816 3789 Cicerems
829 3732 952 3788 dubitari
960 3734 1061 3806 pesse'
1080 3729 1112 3786 0.
1129 3726 1296 3784 Ribbeclcius

177 3818 267 3871 menet
330 3810 499 3886 inpudentes
514 3814 591 3871 Leia
607 3816 785 3890 impudentes
799 3820 884 3874 ceteri
896 3817 959 3874 libri
1040 3818 1094 3874 3⁵9
1109 3812 1295 3888 drachumam

185 3899 265 3956 Vara
281 3915 357 3962 corr.
380 3898 475 3978 eadmer
495 3916 590 3958 mauu.
612 3901 756 3958 dracmam
776 3903 852 3960 leid.
877 3903 1024 3976 dragmam
1044 3901 1109 3956 Eri.
1130 3899 1295 3955 drachmam

179 3986 273 4041 ceteri.
301 3984 345 4058 Of.
374 3983 540 4042 Bitschelius
563 3985 639 4044 Mus.
662 3987 760 4061 philol.
788 3987 848 4045 VII
875 3992 927 4047 559
945 4002 1006 4060 sqq.
1104 3983 1221 4040 Versum
1240 3987 1297 4043 560

84 4118 89 4125 ,
181 4071 213 4126 0.
240 4069 406 4127 ireseum
432 4075 572 4145 tamquam
598 4072 723 4130 ‘lateris
748 4071 868 4130 macutus
888 4074 1004 4129 turcicis
1028 4071 1188 4142 confictum’
1214 4070 1297 4125 ands

178 4156 289 4211 induxit
382 4155 566 4213 drachumam
591 4158 667 4215 Lem
701 4157 848 4232 dragmam
880 4159 942 4214 Eri
957 4170 960 4175 ’
973 4154 1138 4214 drachmam
1167 4154 1254 4210 ceteri

221 4243 273 4302 361
287 4242 451 4300 moriturum
463 4241 578 4309 Seneca
595 4242 735 4302 Cicerrus
747 4245 812 4300 55η·
820 4244 971 4302 dcoerimec
1056 4241 1095 4308 ci]
1109 4238 1175 4295 huie
1188 4239 1296 4298 Sortem
