2932 4942
561 335 886 397 arronnnnnra

705 503 734 575 11

228 645 247 703 5
274 635 336 705 Hic
355 640 406 705 est
426 637 480 707 ille
502 637 603 722 situS,
631 636 684 707 cui
703 659 799 707 nemo
823 636 905 706 ciuis
928 658 1037 730 neque
1056 636 1162 707 hostis

324 738 436 822 Quiuit
452 764 518 832 pro·
534 740 788 832 lactisreddere
809 741 883 832 opis
904 741 1055 832 pretium.

703 891 746 962 III

272 1020 304 1089 A
322 1020 394 1089 sole
416 1021 586 1091 exoriente
607 1043 710 1113 supra
726 1021 865 1092 Maeotis
884 1020 1025 1113 paludes

323 1123 427 1193 Nemo
449 1128 500 1194 est
521 1125 576 1218 qui
595 1126 691 1195 iactis
713 1148 765 1196 me
784 1124 1000 1218 aequiperare
1023 1127 1132 1217 queat.

251 1225 378 1296 Silas
397 1228 483 1298 endo
503 1228 624 1320 plagas
647 1229 827 1300 caelestum
846 1228 1027 1311 ascendere
1045 1226 1199 1320 cuiquam
1220 1229 1282 1312 est,

204 1339 243 1400 10
321 1330 365 1399 Mi
382 1330 446 1400 soli
466 1332 548 1401 caeli
565 1332 709 1403 maxima
730 1336 828 1424 porta
848 1336 948 1423 patet.

169 1524 296 1580 celebrent
314 1528 406 1580 lunera
424 1546 481 1580 cum
502 1532 618 1597 gemitu!
651 1533 724 1583 Idem
739 1532 793 1584 Cat.
807 1534 869 1584 mai.
883 1534 927 1594 20,
941 1532 976 1584 73
995 1531 1112 1582 ‘Solonis
1127 1530 1231 1595 quidem
1243 1545 1285 1581 ss-

168 1600 263 1665 pientis
283 1600 396 1665 elogium
416 1608 470 1662 est,
490 1616 540 1663 quo
563 1618 591 1652 se
608 1610 685 1670 negat
703 1603 771 1653 uelle
789 1619 863 1652 suam
878 1610 985 1654 mortem
1002 1601 1091 1653 dolore
1105 1602 1245 1650 amicorum
1260 1607 1285 1651 et

169 1668 287 1719 lamentis
307 1685 409 1719 uacare.
440 1669 501 1720 Volt
518 1673 595 1722 credo
612 1689 641 1723 se
659 1688 717 1723 esse
734 1687 821 1722 carum
841 1675 910 1723 suls:
930 1672 977 1723 sed
997 1672 1060 1721 haut
1074 1672 1128 1721 scio
1143 1686 1175 1720 an
1192 1670 1284 1720 melius

168 1739 279 1788 Ennius:
308 1753 382 1789 nemo
473 1739 556 1790 laxit!
629 1744 653 1792 II
680 1742 778 1793 Seneca
800 1743 883 1808 Epist.
908 1757 972 1793 mor.
998 1742 1085 1790 XVIII
1101 1745 1117 1794 5
1135 1737 1227 1806 (108),
1250 1739 1284 1790 32

169 1807 281 1858 ‘deinde
300 1809 441 1858 Ennianos'
472 1809 662 1876 (Ennianos
688 1813 754 1862 coni.
781 1813 927 1863 Pincianus.
952 1810 1065 1861 inanes
1085 1809 1175 1860 Bamb.
1198 1808 1282 1859 Guell'.

169 1877 252 1927 Rehd.
272 1879 299 1927 in
316 1878 407 1940 litura,
427 1893 516 1929 omues
528 1880 602 1930 Rom.
618 1888 643 1930 et
655 1882 714 1932 cdd.
729 1879 844 1946 Gruteri)
868 1882 983 1947 ‘colligit
999 1894 1090 1930 uersus
1107 1887 1132 1929 et
1149 1880 1176 1928 in
1193 1879 1284 1945 primis

169 1946 229 1997 illos
244 1947 277 1996 de
291 1946 414 1998 Africano
426 1949 550 2016 scrIptos:
569 1952 610 2000 cui
624 1952 711 2001 nemo‘
731 1966 754 2001 e.
769 1967 794 2015 q.
809 1967 831 2001 s.
853 1953 944 2001 ‘exeo
958 1966 986 2000 se
1000 1951 1036 2000 ait
1050 1949 1200 2015 intellegere
1215 1947 1285 2013 apud

169 2017 287 2080 antiquos
305 2031 357 2067 non
369 2025 467 2068 tautum
479 2019 606 2070 auxilium
617 2020 778 2087 significasse
797 2035 891 2087 opem
906 2021 952 2070 sed
966 2033 1086 2085 operam:
1105 2019 1141 2067 ait
1154 2019 1222 2068 enlm
1234 2018 1286 2067 En-

169 2087 228 2135 nius
242 2087 370 2136 nemiuem
381 2090 497 2154 potuisse
507 2089 624 2156 Scipioni
639 2105 722 2155 neque
736 2091 819 2141 ciuem
832 2105 915 2155 neque
929 2090 1030 2139 hostem
1043 2088 1151 2139 reddere
1167 2102 1286 2154 operae

169 2157 329 2222 pretIum.'
355 2155 413 2223 (Sic
430 2160 529 2209 restitui
551 2160 648 2211 locum:
669 2161 696 2210 in
709 2176 784 2223 quem
803 2162 945 2227 scripturae
959 2158 1132 2225 discrepantia
1149 2157 1214 2207 haec
1232 2163 1284 2206 est:

169 2240 234 2275 nou
252 2241 380 2292 superscr.
402 2229 429 2277 in
448 2228 533 2279 Gucli.
606 2244 697 2295 opem
714 2245 764 2280 om.
779 2229 838 2280 libri
908 2229 965 2280 sed
987 2243 1086 2295 opera
1105 2228 1159 2277 ait.
1182 2241 1286 2292 opera

170 2295 304 2345 enimin
324 2296 393 2347 eius
415 2299 575 2348 neminem
592 2299 682 2350 Bamb.
698 2297 782 2350 Gueli.
809 2299 874 2367 (nisi
895 2299 964 2364 quod
982 2299 1014 2347 in
1034 2312 1085 2348 om.
1105 2294 1206 2361 Gueli.)
1225 2296 1286 2346 sed

170 2379 310 2431 operam.
330 2367 377 2416 ait
395 2369 479 2418 enim
496 2369 653 2419 nemiuem
666 2370 748 2420 IIchd.
765 2370 852 2420 aVat.
872 2365 919 2434 ζφ
939 2368 994 2418 Pal.
1019 2366 1126 2417 tIPal.
1142 2365 1159 2418 3
1174 2365 1285 2434 Gmteri.

169 2435 226 2484 sed
245 2450 376 2501 operam
391 2438 444 2486 ait.
461 2439 648 2504 operaeius
663 2441 821 2489 neminem
836 2439 895 2488 Vat.
910 2454 938 2502 η.
960 2437 1018 2488 sed
1037 2451 1134 2503 opera
1149 2436 1287 2486 eiusne-

168 2505 284 2555 minem
302 2506 361 2555 Vat.
377 2521 404 2556 α.
428 2508 486 2557 scd
504 2522 645 2574 operam.
669 2509 715 2558 ait
736 2511 822 2559 culm
841 2509 873 2558 in
893 2509 966 2558 eius
989 2507 1150 2557 neminem
1174 2505 1238 2554 Vrb.
1257 2519 1285 2553 o.

169 2574 227 2624 sed
248 2589 350 2641 opera
369 2577 425 2625 ait.
446 2591 544 2643 opera
561 2579 731 2628 euimeius
745 2580 776 2628 iu
792 2578 953 2628 neminem
967 2576 1022 2626 Pal.
1038 2575 1155 2625 &Poll
1175 2574 1284 2626 Gmteri.

168 2645 226 2694 sed
242 2659 344 2709 opera
363 2645 417 2695 ait.
440 2660 540 2712 opera
558 2648 628 2697 eius
642 2648 773 2698 enimin
787 2649 945 2697 neminem
960 2646 1036 2695 Alex.
1053 2660 1077 2692 τ.
1096 2643 1155 2694 sed
1175 2659 1285 2710 opera.

169 2714 252 2762 enirn
271 2715 316 2763 ait
334 2717 521 2784 operaejus
535 2718 694 2766 nemiuem
707 2718 765 2767 Vat.
780 2730 802 2765 ε.
822 2716 878 2766 sed
899 2729 1038 2781 operam.
1062 2714 1108 2762 ait
1127 2714 1210 2764 euim
1230 2729 1286 2763 ne-

168 2784 281 2831 minem
302 2782 356 2832 Pal.
372 2785 388 2831 2
402 2783 517 2845 Gruteri,
537 2784 591 2834 Col.
618 2786 675 2834 sed
693 2801 833 2851 operam.
856 2786 903 2833 ait
923 2782 1121 2850 operaenim
1143 2783 1214 2831 eius
1230 2797 1287 2832 ue-

169 2852 286 2899 miuem
298 2851 353 2901 Pal.
369 2852 386 2899 4
402 2851 512 2902 Gruteri.
533 2853 589 2903 sed
608 2869 754 2919 operam,
772 2855 817 2903 ait
831 2853 1025 2918 operaenim
1040 2852 1111 2901 eius
1129 2852 1287 2900 neminem

169 2919 285 2968 Pinciani
297 2928 370 2969 uetus
386 2919 461 2970 lectio
513 2921 677 2987 Scipioni]
694 2921 885 2989 Scipionem
898 2921 987 2972 Bamb.
1005 2919 1089 2970 Guell'.
1104 2918 1287 2970 Vrbanam

169 2988 224 3037 Pal.
244 2988 448 3039 Iethruteri.
466 2992 498 3039 in
515 2990 706 3055 Scipionem
720 2993 774 3042 Pal.
790 2993 807 3042 2
821 2990 936 3052 Gruteri‚
957 2989 1011 3041 Gol.
1068 2989 1126 3039 sed
1141 3003 1285 3055 operam.

169 3058 332 3107 nemiuem
346 3061 429 3109 enim
443 3075 480 3109 ne
508 3076 547 3110 ue
565 3061 670 3110 ciuem
685 3076 788 3124 neque
802 3060 1091 3125 hostempotuisse
1110 3059 1140 3107 in
1154 3057 1302 3123 Scipio-¹

170 3142 239 3177 uem
252 3127 392 3178 reddere
404 3129 463 3179 Vat.
476 3076 508 3194 pii
544 3129 632 3180 Cicero
646 3130 679 3180 de
691 3131 742 3197 leg.
757 3131 837 3190 1122,
853 3131 886 3181 57
907 3128 1032 3180 ‘declarat
1052 3128 1121 3179 enirn
1134 3127 1232 3177 Ennius
1250 3128 1283 3178 de

171 3197 307 3247 Africano:
327 3197 369 3247 hic
389 3208 428 3248 est
449 3198 493 3248 ille
511 3200 595 3248 situs!
625 3200 696 3249 Hanc
710 3199 863 3267 particulam
878 3201 902 3248 in
920 3215 999 3248 uuum
1014 3197 1127 3263 elogium
1139 3213 1197 3246 cum
1210 3195 1286 3264 su‘pe-

170 3266 282 3317 rioribus
297 3267 428 3318 coniunxit
444 3269 480 3327 is,
501 3284 576 3332 quern
591 3268 714 3320 Columna
727 3278 755 3319 ut
770 3271 875 3334 saepius
892 3268 1054 3325 dissimulat,
1075 3266 1191 3332 Scaliger
1204 3267 1285 3317 (latai.

171 3352 197 3401 p.
214 3337 263 3386 187
336 3338 371 3385 lll
396 3338 485 3388 Cicero
498 3340 574 3388 Tusc.
595 3339 663 3404 disp.
684 3341 708 3389 V
729 3340 771 3399 17,
791 3337 826 3389 49
850 3340 889 3388 ‘et
906 3345 943 3388 est
961 3339 987 3387 iu
1007 3337 1094 3399 aliqua
1111 3337 1165 3385 uita
1183 3337 1287 3403 praedi-

170 3405 255 3456 cabile
268 3405 366 3469 aliquid
385 3416 409 3457 et
422 3408 584 3473 gloriandum
603 3424 634 3458 ac
647 3424 709 3474 prae
727 3424 755 3459 se
772 3407 922 3469 ferendum,
942 3415 970 3456 ut
984 3407 1177 3473 Epaminondas
1259 3415 1287 3455 nt

171 3475 322 3526 Africanus:
341 3475 378 3541 [7.
396 3475 444 3542 8].·
472 3479 638 3543 Mamertinus
658 3477 775 3529 Genethl.
798 3495 820 3527 e.
836 3479 870 3530 16
889 3479 930 3544 (p.
947 3478 997 3528 155
1018 3474 1156 3541 Amtzen.)
1178 3477 1286 3527 ‘etenim

211 3657 229 3711 6
252 3652 340 3722 quinit
361 3652 422 3708 Vol.
445 3651 551 3724 ζφίπ
574 3670 637 3726 my„
658 3653 824 3725 Stephanus.
846 3655 893 3724 qui
917 3655 975 3708 uult
995 3651 1060 3708 liora·
1078 3653 1164 3706 ceteri
1182 3665 1285 3707 omnes.

170 3738 256 3808 quibit
272 3736 430 3800 Pincianus,
448 3736 572 3809 Sroliper
657 3741 791 3810 prosectis
808 3739 899 3811 Guelf.
911 3745 938 3793 et
952 3741 1016 3809 (pro
1032 3738 1112 3792 lactis
1127 3739 1286 3808 superscr.)

172 3823 269 3877 Bamb.
356 3821 477 3878 reddere
492 3823 554 3893 opis
569 3823 701 3895 pretium]
724 3823 845 3879 reddere
867 3822 1107 3895 operaepretium
1125 3820 1189 3875 libri
1199 3822 1286 3891 pleri·

170 3923 232 3979 que.
255 3923 358 3978 operae
376 3907 496 3962 reddere
517 3909 637 3979 pretium
654 3908 744 3963 Bcltd.
759 3927 789 3964 a.
806 3909 928 3964 reddere
951 3922 1055 3979 operae
1074 3905 1216 3976 praecium
1233 3909 1287 3957 Ar-

169 3999 242 4063 pent.
258 4010 286 4046 a.
301 3992 422 4047 reddere
442 4008 529 4063 oprae
544 3995 663 4064 pretium
679 3992 791 4065 neporus
807 4001 833 4049 et
846 3995 905 4048 alia
920 3992 960 4063 cs.
974 4006 1063 4060 supra
1151 3990 1168 4044 7
1188 3989 1285 4057 supra]

172 4075 299 4146 adusque
314 4076 498 4132 Mamertinus
584 4077 740 4134 Maeotidas
763 4084 821 4133 tres
843 4077 934 4132 Oecon-
954 4071 1116 4129 Maeotidas
1137 4070 1199 4126 edd.
1220 4072 1287 4142 aliq.

170 4165 277 4214 ueteres
361 4166 379 4219 8
397 4177 442 4214 me
466 4178 519 4216 om.
536 4161 607 4232 Rep.
622 4161 697 4216 Pon
712 4176 765 4218 cecc
782 4161 872 4216 oxon.
887 4162 988 4230 aliaeue
1007 4156 1071 4211 libri
1154 4156 1287 4225 aeqque-

172 4257 235 4296 rare
255 4243 331 4297 Pitlt.
351 4248 518 4316 eqquerare
537 4245 606 4317 Rep.
691 4249 711 4304 t)
731 4247 756 4301 ei
772 4247 816 4299 tas
835 4242 911 4299 endo
926 4245 1026 4314 plagas
1046 4239 1200 4294 coelestum
1215 4255 1288 4295 unus

1011 4334 1079 4401 11*
