2932 4942
177 407 317 454 xxxvtn
569 396 885 465 QVAESTIONES

176 563 241 622 dios
263 562 365 621 hostes
384 580 417 620 ee
439 562 599 620 inferentes
621 561 753 639 procliue
774 569 818 619 est
842 578 1016 631 agnoscere.
1062 560 1183 619 Ileiicuu
1205 560 1233 618 Iu.
1258 578 1285 620 e.

176 668 211 727 Ir.
233 664 332 725 LXVI.
357 665 469 725 LXVII.
496 664 612 724 LXVIII
636 666 779 725 Hersiliue
803 665 892 725 ocrim
914 684 981 724 esse
1010 662 1164 744 probabile
1191 670 1221 720 et
1248 680 1285 720 cx

178 781 262 851 purte
284 771 351 830 olim
374 772 553 831 Intellectum
569 782 624 831 cst.
670 771 714 831 Iu
735 790 796 830 rem
819 773 887 831 iacit
912 771 986 830 haec
1017 770 1053 829 ult
1076 769 1111 827 I.
1135 766 1230 827 Gellio
1249 765 1285 825 N.

178 877 213 937 Α.
237 876 303 937 XIII
323 876 363 936 22
386 879 488 938 trudito
509 876 561 937 Gn.
586 876 672 938 Gellii
695 897 712 937 e
734 880 820 937 tertio
845 878 939 937 annuli
962 878 1103 937 narratio:
1124 879 1286 947 Hersiliam,

176 1006 238 1045 cum
259 989 338 1062 apud
360 988 390 1044 Τ.
417 989 524 1044 Tatium
542 988 628 1043 treroa
647 988 757 1059 faceret
768 1004 923 1060 pucempuc
947 995 1052 1055 oraret,
1080 989 1117 1041 ita
1139 991 1287 1056 precatam

176 1110 236 1150 esse
261 1081 386 1150 ‘Nerio
415 1094 548 1149 Mortis
576 1101 605 1148 te
632 1094 793 1162 obsecro,
823 1108 946 1163 pacem
972 1094 1032 1162 da,
1060 1100 1098 1159 te,
1135 1094 1176 1147 uti
1206 1092 1290 1145 liceat

176 1202 280 1272 nuptir‘s
294 1203 422 1271 propriis
444 1207 472 1255 et
486 1198 633 1272 prosperis
653 1201 701 1266 uti,
723 1198 797 1270 quoti
818 1199 852 1253 ele
878 1202 917 1254 tui
936 1202 1058 1270 coautpis
1082 1199 1192 1254 consitio
1220 1213 1286 1252 com-

175 1309 239 1378 ttqit,
254 1309 295 1362 uti
306 1307 459 1362 ausitidem
473 1310 596 1378 inauras
608 1308 751 1373 raperent,
772 1304 846 1358 terrete
864 1306 961 1361 titreros
975 1307 1028 1361 siut
1041 1312 1068 1361 et
1080 1308 1146 1372 suis,
1159 1311 1289 1376 posteros

174 1413 287 1482 patriae
298 1411 459 1483 par-areat?
482 1406 529 1466 Fr.
547 1405 663 1481 LXVII,
686 1406 796 1484 dequo
813 1405 922 1466 Merula
939 1407 1078 1466 mIrubiliu
1095 1407 1286 1482 excogitauit,

176 1512 300 1572 Hersilia
323 1531 439 1571 sumens
464 1513 500 1573 de
524 1513 623 1572 suibus
646 1512 810 1590 exemplum
830 1511 976 1571 Romanos
992 1513 1175 1589 Sabinosque
1196 1529 1212 1570 u
1236 1529 1287 1589 pu-

176 1618 292 1696 gnaudo
305 1618 401 1678 studet
414 1639 517 1680 arcere
532 1621 586 1695 (ci.
602 1619 637 1681 Α,
647 1615 893 1677 IIochiusExerc.
910 1621 970 1677 crit.
985 1637 1013 1696 p.
1023 1621 1069 1697 l),
1084 1629 1170 1695 utque
1185 1618 1288 1677 eudem

176 1724 329 1784 Romulum
352 1733 382 1784 et
403 1723 515 1785 'latium
537 1727 696 1800 adhortari,
716 1732 747 1783 ut
770 1724 955 1783 concordium
979 1725 1092 1796 inirent,
1116 1723 1230 1782 uidetur
1251 1724 1286 1782 lu

175 1829 303 1891 LXVIII.
347 1829 414 1890 Nou
435 1831 517 1909 plura
541 1831 577 1890 de
600 1831 686 1891 bellis
709 1829 823 1889 Romuli
846 1829 941 1888 habeo
964 1848 1039 1907 quae
1062 1846 1220 1908 exponam:
1252 1847 1288 1889 uc

177 1937 294 2014 parcius
318 1938 404 1995 etiam
429 1937 465 1996 de
489 1936 576 1996 rebus
607 1937 683 1996 domi
711 1937 804 2013 gostis
833 1934 986 1993 dicendum
1014 1937 1084 1994 erit:
1114 1934 1150 1993 de
1180 1933 1288 2012 quibus

177 2059 260 2099 uuum
290 2040 384 2100 Vurro
417 2042 454 2100 de
484 2042 515 2100 L.
543 2040 574 2099 L.
605 2043 631 2101 V
663 2043 703 2101 55
735 2041 772 2100 tt.
804 2040 956 2113 iudicauit,
996 2040 1089 2099 tribus
1115 2059 1130 2099 u
1162 2038 1288 2099 Romulo

177 2147 320 2205 Institutas
342 2165 378 2206 uc
399 2148 597 2206 denominatus
613 2146 734 2205 Ennium
754 2147 887 2221 tetigisse
904 2143 1023 2224 (LXX).
1047 2145 1095 2205 Fr.
1112 2145 1203 2205 LXIX
1216 2164 1287 2206 con·

177 2260 289 2310 suetum
325 2251 461 2310 Romanis
500 2254 528 2311 iu
561 2251 650 2311 rebus
686 2250 825 2328 gerendis
865 2251 1017 2310 formulam
1056 2253 1199 2326 continet,
1240 2256 1287 2312 cui

177 2374 260 2415 unum
284 2365 393 2415 certum
416 2359 604 2418 occasionem
623 2359 761 2435 indagare
790 2374 849 2415 nou
877 2358 955 2416 licet.
1001 2356 1100 2417 TutIus
1127 2377 1143 2417 a
1166 2358 1287 2420 Luuiuu·

175 2460 253 2520 tibus
281 2471 444 2522 truncatur:
474 2463 529 2523 huc
561 2466 777 2542 opportunitate
808 2463 883 2522 huuc
914 2481 930 2521 u
962 2464 1157 2539 grammaticis
1185 2465 1287 2523 mirum

177 2568 312 2644 quotiens
341 2569 552 2643 frequentatum
579 2587 694 2629 uersum
716 2591 732 2629 o
757 2573 816 2628 Tite
840 2578 894 2628 tute
918 2573 982 2628 Tou·
1005 2574 1052 2628 titi
1071 2580 1149 2628 tanto
1165 2577 1289 2644 tyranne

175 2678 262 2731 tulisti
288 2671 411 2752 (LXXI)
436 2672 541 2732 elatum
577 2694 645 2734 esse
672 2675 762 2735 credo
785 2693 848 2734 oum
875 2675 1036 2735 Niebuhrio
1063 2674 1136 2733 IIist.
1165 2673 1249 2733 Rom.
1275 2676 1288 2735 I

176 2776 237 2836 259
264 2786 293 2836 et
323 2777 517 2855 Schweglero
545 2779 617 2839 Hist.
648 2780 732 2840 Rom.
761 2781 868 2841 1516.
911 2781 1051 2840 Romulus
1081 2788 1183 2840 coortu
1212 2789 1285 2840 tem·

97 2934 100 2941 .
175 2890 302 2961 pestate,
326 2882 372 2961 (ut
396 2883 432 2943 de
456 2883 507 2942 iIIo
530 2885 587 2945 dici
610 2886 742 2945 uideatur
761 2906 841 2961 quem
861 2907 948 2964 super
972 2895 1068 2965 irpeas
1093 2893 1181 2947 Porta
1209 2897 1288 2946 tonat

174 2995 246 3049 caeli
265 2991 321 3049 iuu.
341 2991 403 3051 sed.
429 2987 555 3066 CXXX,
584 2991 672 3050 modo
692 2991 765 3050 fides
783 3010 887 3052 uersus
915 2995 1017 3054 melius
1043 2995 1208 3071 constaret)
1236 3012 1285 3053 se·

175 3096 298 3156 cundum
321 3096 470 3158 decretum
492 3097 570 3158 Iouis
591 3101 619 3157 iu
641 3097 794 3177 Olympum
823 3099 966 3174 euehitur,
991 3099 1090 3158 Martis
1106 3101 1206 3178 equis:
1226 3101 1286 3162 hoc

173 3206 247 3262 cutm
270 3203 389 3263 fluxisse
412 3222 450 3263 ex
462 3202 554 3263 Ennio
578 3207 751 3266 crediderim
773 3206 851 3283 quod
866 3204 1001 3264 Horatius
1024 3207 1166 3282 siguificat
1186 3204 1283 3267 Curm.

172 3309 212 3368 III
236 3308 265 3382 3,
288 3310 326 3369 16
350 3309 414 3386 (uel
433 3311 543 3369 rectius
566 3312 596 3385 2,
618 3309 689 3390 48);
714 3319 744 3369 et
764 3310 884 3370 Ouidius
908 3308 985 3368 Fust.
1009 3308 1034 3369 II
1057 3311 1134 3372 496:
1156 3317 1221 3371 trime
1243 3324 1284 3374 to-

172 3422 229 3485 net,
251 3416 315 3472 triae
334 3421 424 3474 missis
446 3418 621 3491 abrumpitur
641 3421 749 3491 ionibus
768 3421 872 3475 aether.
917 3421 967 3475 Fit
983 3421 1068 3492 supa.-
1099 3438 1154 3478 reu
1182 3426 1285 3492 patriis

173 3527 252 3576 astra
276 3523 388 3593 petebat
413 3526 498 3594 eques.
558 3520 660 3598 Erepti
687 3522 767 3597 regis
795 3520 969 3582 desiderium
994 3523 1120 3602 populus
1148 3526 1292 3603 expumit

172 3624 207 3683 Ir.
231 3622 350 3684 LXXII:
381 3627 429 3702 qui
450 3644 570 3700 uersus,
594 3642 668 3703 quos
692 3624 868 3685 NiebuhrIus
890 3627 1045 3688 udmirutur
1065 3629 1085 3688 I.
1110 3629 1129 3688 t.
1153 3648 1181 3707 p.
1208 3629 1282 3706 260,

172 3728 252 3787 Liuio
282 3727 431 3789 obuersati
452 3749 519 3790 esse
542 3731 690 3805 uidentur²
722 3747 785 3788 oum
808 3730 882 3790 hoec
904 3719 1082 3794 scriberetl
1104 3735 1157 3795 16:
1184 3740 1285 3796 dmade

171 3856 190 3893 a
215 3839 318 3910 poums
348 3841 421 3894 initio
452 3838 529 3909 fecto
564 3838 644 3894 ticum
681 3840 731 3894 deo
761 3847 856 3896 aetum
883 3857 974 3914 repem
999 3851 1200 3916 parentemque
1230 3862 1280 3900 ur-

171 3946 212 4001 bis
232 3944 378 4000 Romanae
399 3944 510 3999 saluere
531 3946 657 3999 urrruersi
669 3945 813 4001 Romulum
836 3949 941 4010 iuberem
956 3966 1058 4022 pacem
1077 3950 1207 4022 precibus
1227 3965 1280 4005 ea-

164 4057 298 4123 poseuat,
315 4057 356 4106 uti
374 4051 469 4105 uolens
489 4053 626 4122 propitius
647 4066 727 4106 suem
747 4067 858 4123 semper
885 4057 998 4125 sospitet
1018 4058 1189 4127 propeaiem.
1255 4050 1281 4110 u

168 4150 284 4211 Proculi
295 4149 357 4210 Iulii
370 4153 502 4210 orutiuue
515 4160 606 4211 restet
618 4152 652 4212 ir.
663 4152 790 4213 LXXIII.
818 4154 980 4214 Proximum
992 4175 1108 4215 uersum
1125 4153 1278 4235 (LXXIV)

169 4257 214 4316 cui
236 4256 386 4318 trIbuerim
408 4258 521 4332 nescio,
546 4275 601 4318 uec
623 4260 741 4318 multum
764 4263 838 4320 iuter
854 4269 913 4329 est;
937 4262 994 4321 hoc
1012 4271 1108 4321 tumen
1126 4262 1192 4321 iude
1207 4276 1278 4320 cuu-
