2932 4942
566 320 933 393 nasoonnmavu

597 466 913 562 onusrrlonrns

303 750 310 766 .
366 752 373 768 .
427 698 511 767 inter
529 720 566 767 se
585 698 728 769 sortiunt
748 593 861 766 iirbem
880 697 979 789 alque
1000 720 1114 789 agros.

303 917 390 986 Audi
410 917 509 1009 aitque
529 917 650 988 auditis
668 814 905 995 hosllilmentum
923 917 1105 1011 adiungr'lo.
1164 980 1168 985 .

577 1070 580 1077 .
665 1078 667 1085 ,
761 1033 802 1079 Η
944 1078 974 1088 ,1

216 1149 274 1209 155
303 1138 423 1208 intona
443 1138 503 1208 aas
525 1143 558 1209 te
580 1036 888 1232 adficiorfllmoigna‚
912 1088 1015 1229 poter.

301 1243 383 1319 Nam
404 1241 433 1310 si
454 1243 627 1333 inprobum
642 1241 979 1335 ,essaei-emmona
999 1241 1076 1311 olim
1094 1242 1274 1331 existimas,

302 1342 369 1415 Cur
386 1367 438 1414 me
456 1343 532 1428 huie
553 1347 687 1425 locabas
704 1346 853 1437 nuptiis?
869 1336 1019 1439 Sintis?
1032 1347 1168 1436 probus

301 1445 367 1520 Cur
385 1448 483 1518 talem
507 1448 641 1519 inuitam
669 1449 808 1520 inuitum
827 1449 923 1541 cogis
942 1447 1115 1542 linquere?

708 1554 808 1638 Pater

905 1668 995 1739 Duxi
1011 1668 1168 1760 probum:

216 1781 275 1842 160
303 1771 435 1856 Erraui,
464 1776 541 1863 post
560 1772 722 1866 cognoui,
747 1772 893 1866 eringio
911 1772 1091 1864 cognitum.

202 1966 209 1979 ι
236 1938 437 1990 Cnssruorrrss
473 1941 484 1989 1
502 1940 600 1991 Nonius
610 1958 637 2009 p.
648 1941 736 2003 471,9
752 1942 926 1992 ‘sortirent
938 1955 985 2007 pro
997 1941 1154 1990 sortirentur.
1178 1941 1259 1991 Varro

200 2013 285 2061 inter
307 2025 340 2058 se
358 2009 506 2059 sortiunt.
538 2011 705 2062 moderant
794 2012 941 2062 sortiunt
959 2010 1056 2060 Ennius
1078 2009 1214 2060 Creslonte

235 2080 257 2128 ll
276 2079 366 2129 Festus
379 2095 405 2144 p.
416 2079 468 2130 ato
478 2080 511 2130 Μ.
532 2081 732 2132 ‘redhostire
743 2108 779 2119 -
789 2108 825 2119 —
838 2084 902 2131 nam'
912 2087 937 2130 et
949 2080 1074 2131 hostire
1086 2094 1134 2146 pro
1148 2094 1258 2143 sequare
1270 2097 1318 2148 po-

200 2157 313 2201 suerunt.
338 2149 435 2197 Ennius
455 2149 481 2197 in
499 2149 657 2216 Cresphonte
677 2153 730 2201 ...’
800 2151 834 2200 111
857 2151 932 2200 libet.
956 2150 989 2199 ail
1001 2146 1156 2201 Herennium
1179 2150 1262 2211 liat,
1284 2151 1319 2203 38

201 2226 318 2269 ‘utuntur
345 2219 425 2283 igitur
454 2219 568 2269 studiose
588 2221 614 2269 ln
632 2219 926 2270 oonllrmuuda'ratione·
943 2219 1040 2285 dupliol
1059 2219 1242 2280 oonoinsione,¹
1268 2222 1318 2272 boo

202 2288 278 2340 modo
300 2286 471 2353 [loo-158}
503 2287 573 2347 Quae
590 2289 639 2340 boo
651 2292 728 2342 modo
742 2288 938 2349 concludentur,
963 2297 1006 2338 aut
1020 2304 1052 2340 ex
1071 2290 1197 2340 contrario
1212 2305 1318 2342 conuer-

201 2368 284 2412 tentur
296 2367 340 2407 aut
353 2372 386 2406 ex
398 2358 510 2422 simplici
524 2366 597 2423 parte
615 2360 842 2425 reprehendentur.
870 2360 910 2409 Ex
923 2360 1049 2409 contrario
1066 2359 1115 2410 hoo
1127 2359 1217 2410 modo:

340 2425 438 2477 Nulla
455 2435 485 2476 te
502 2428 651 2495 indigna,
671 2444 686 2480 o
705 2436 791 2490 neta,
813 2429 938 2481 edliolo
957 2430 1093 2479 iniuria:
1200 2443 1203 2451 ·

341 2495 374 2546 Si
392 2497 512 2562 probus
530 2505 590 2559 est,
609 2499 686 2550 bene
703 2500 825 2550 looeui:
843 2500 894 2549 sin
912 2505 960 2549 est
976 2499 1151 2571 inprobus,

340 2566 490 2617 Diuortio
509 2576 541 2618 te
561 2568 707 2621 liberabo
726 2569 956 2620 incommodis!

202 2638 245 2704 (ln
255 2652 320 2700 quae
330 2636 472 2702 scripturae
483 2637 670 2711 discrepantiae
678 2639 728 2690 has
736 2646 809 2690 sunt:
822 2639 838 2690 1
851 2647 904 2689 ten
913 2637 1037 2688 Wuerzb.
1110 2652 1184 2687 oom.
1195 2637 1251 2686 Par.
1263 2637 1317 2688 Eri.

204 2706 288 2773 Opitz.
304 2706 427 2756 Wuerzb.
498 2715 575 2758 nuta
593 2708 718 2760 abricio
733 2708 856 2760 Wuerab.
928 2707 1053 2758 iniuria
1066 2706 1183 2757 allicio
1197 2707 1318 2757 Bnmbb

203 2776 251 2827 sed
272 2792 329 2826 cum
346 2777 428 2844 signis
445 2779 652 2844 transpositionis
669 2796 703 2829 m.
717 2794 758 2846 pr.
808 2777 961 2829 ·2esblrl.
976 2776 1100 2826 Wuerzb.
1172 2777 1252 2826 bene
1270 2777 1319 2826 lo-

203 2847 273 2897 oaui
288 2847 391 2896 Aldina.
411 2846 519 2898 locaui
537 2848 627 2898 bamb.
641 2850 657 2898 b
670 2848 754 2915 Opltz.
770 2848 941 2909 conlocaui
953 2848 1011 2897 Per.
1026 2846 1188 2897 collooaui
1202 2846 1319 2898 Bambs

204 2918 268 2968 Fris.
283 2917 369 2967 Tross.
386 2916 446 2966 Tur.
518 2919 566 2968 siu
581 2933 613 2968 es
631 2918 684 2969 ner.
700 2920 750 2969 sin
766 2926 869 2968 antem
882 2925 929 2967 est
942 2916 1032 2967 Bamb.
1047 2917 1063 2965 b
1077 2915 1161 2982 Opitz.
1176 2916 1241 2968 Fris.
1256 2915 1317 2966 Tur.

203 2989 252 3038 siu
272 2994 324 3037 aut
344 2987 431 3037 Tross.
503 2988 685 3039 oollooabis
704 2990 791 3039 inest
808 2988 932 3037 Wnerab.
1005 2987 1020 3038 3
1039 2986 1178 3036 diuortii
1194 2984 1247 3035 Erl.

200 3065 229 3108 te
252 3057 356 3107 libero
382 3057 436 3107 Eri.
464 3057 569 3108 libero
594 3066 623 3108 te
646 3059 703 3108 Par.
725 3058 815 3108 bamb.
836 3073 851 3108 a
874 3058 939 3107 Fris.
966 3054 1088 3106 Wuerzb.
1117 3055 1268 3105 liberabo
1288 3064 1319 3105 te

206 3169 412 3178 -a--—--—

244 3239 295 3293 153
307 3251 341 3290 an
351 3234 532 3305 praemittunt
541 3232 610 3300 libri,
620 3236 732 3290 eiectum
741 3230 776 3289 ob
785 3230 981 3300 O.Ribbeclrio,
993 3230 1031 3304 cs.
1038 3246 1126 3302 supra
1192 3235 1244 3290 154
1252 3231 1319 3287 audi

203 3318 338 3390 Scuiiper.
355 3316 437 3372 audis
453 3318 514 3372 cod.
601 3326 651 3377 155
674 3325 732 3374 ate
753 3317 839 3390 Opitz.
925 3315 1041 3371 adficior
1063 3315 1193 3374 Wuerzb.
1211 3315 1319 3371 allicior

202 3405 284 3475 anim
370 3401 484 3472 indigne
499 3401 597 3456 Bamb.
612 3421 629 3457 a
645 3405 719 3458 Fris.
808 3407 859 3461 156
874 3417 938 3455 nam
957 3403 980 3456 si
995 3401 1144 3471 inprobum
1157 3414 1222 3456 esse
1238 3399 1319 3456 Cres·

202 3487 335 3558 phoniem
348 3487 413 3540 olim
426 3485 571 3541 existimas
580 3487 783 3543 Fleckeisenus.
796 3488 896 3542 namsi
909 3487 1056 3557 inprobum
1066 3501 1132 3540 esse
1141 3483 1319 3556 Chresphon-

206 3579 257 3626 tem
277 3571 420 3626 existimas
433 3570 496 3624 libri
503 3613 510 3638 ‚
526 3572 581 3625 nisi
590 3573 664 3643 quod
671 3575 771 3644 priore
782 3573 853 3628 loco.-
875 3570 1092 3642 chresponihem
1105 3568 1175 3625 Por.
1189 3569 1287 3625 Bonrb.
1301 3590 1319 3625 o

204 3657 279 3712 Fris.
304 3653 493 3724 chresponthe
522 3654 650 3711 Wuerzb.
674 3664 851 3728 eresponiem
876 3655 963 3726 Opitz.
984 3655 1166 3711 existimabas
1187 3655 1320 3712 Bombb

206 3741 300 3797 Troas.
325 3740 393 3795 Tur.
417 3737 519 3810 Opitz„
542 3740 642 3796 altero:
665 3743 812 3812 inprobum
837 3740 1028 3810 ihrespontem
1049 3756 1114 3794 esse
1135 3739 1318 3799 existimabas

202 3825 302 3882 Bamb.
310 3824 326 3880 b
334 3822 423 3896 Opitz.
436 3838 499 3877 nam
512 3824 535 3877 si
548 3825 703 3896 improbum
712 3825 914 3898 Cresphontem
927 3825 1141 3880 existimaueras
1151 3825 1242 3898 uulpo·
1253 3841 1318 3880 nam

204 3913 227 3968 si
242 3911 319 3975 duxi,
334 3909 429 3965 mediis
443 3910 557 3977 ombria,
572 3911 659 3965 altero
669 3911 728 3966 loco
745 3909 873 3966 Wuerzb.
961 3910 1011 3969 157
1029 3909 1113 3965 huius
1125 3908 1201 3964 Μ.
1211 3908 1279 3965 Tur.
1295 3917 1321 3966 et

204 4013 280 4053 corr.
291 3995 361 4050 Por.
374 4000 489 4066 utroque
499 3994 564 4059 loro,
580 3993 673 4050 Troas.
686 3997 782 4052 allero.
795 3995 840 4050 his
852 3994 949 4063 Bumb.
962 3994 1075 4065 bollers
1087 3995 1145 4049 loco
1220 3995 1319 4073 locasti
1336 4004 1337 4008 ’

206 4081 273 4137 Tar.
361 4079 448 4135 sinesi
479 4078 607 4134 Wuerzb.
632 4081 702 4135 sine.
726 4081 749 4134 si
770 4078 838 4152 Ers.
925 4082 977 4138 158
997 4080 1104 4150 liquere
1126 4077 1198 4134 Por.
1219 4096 1256 4133 m.
1266 4072 1319 4154 p'r.

210 4166 337 4224 Wuerzb.
350 4165 448 4221 Bomb.
460 4164 476 4217 b
489 4162 577 4236 Opitz.
590 4165 749 4237 relinquere
760 4164 837 4219 Fris.
852 4162 945 4220 Troas.
957 4163 1025 4231 Tur.
1038 4169 1066 4218 et
1074 4178 1150 4219 corr.
1163 4162 1233 4219 Pur.

202 4255 254 4310 160
265 4268 360 4307 errare
374 4249 451 4305 Fris.
514 4250 646 4321 cognoui,
659 4250 736 4322 lugio
749 4265 822 4319 nune
834 4249 978 4320 cognitum
990 4248 1113 4311 Bombb
1128 4248 1221 4304 ibose.
1230 4247 1320 4321 Opitz.
1374 4272 1377 4276 ·
