2932 4942
608 334 837 392 ENNlANAE
1219 347 1281 394 LIX

171 506 229 556 tero
256 500 375 572 bostem,
403 503 534 558 breuitate
561 503 665 558 babitcs
692 511 718 559 et
744 520 806 560 cum
829 505 1011 559 mucronibus.
1061 501 1142 578 Ergo
1170 505 1199 563 in
1225 503 1282 564 boo

171 602 247 661 libro
276 601 384 664 Ennius
415 603 582 664 Hannibalis
611 624 659 664 res
686 625 757 685 quas
786 607 813 664 in
837 604 974 684 Hispania
1002 611 1096 684 gessit
1123 628 1217 688 usque
1245 611 1281 671 ad

171 710 319 768 transitum
341 710 458 789 Alpium
481 713 630 772 cecinerit.
676 710 748 771 Nam
769 711 847 790 quod
865 710 975 790 Hugius
999 713 1065 773 buic
1088 716 1181 774 annali
1203 715 1282 776 bella

171 832 247 894 quae
268 816 389 893 primum
411 826 441 876 et
462 818 621 877 seeundum
643 817 778 878 Punicum
802 820 1017 895 intercessere,
1043 818 1190 893 Illyricum
1212 819 1279 882 Gal·

171 921 316 1001 licumque
339 923 446 983 ascribi
469 923 572 999 uoluit,
594 924 662 983 mihi
684 942 784 1002 parum
804 923 958 1002 probabile
980 935 1026 984 est
1044 931 1162 1003 poetam
1183 945 1281 987 rerum

170 1028 341 1088 Punicarum
362 1029 516 1088 decursum
535 1031 740 1108 interrupisse,
763 1032 811 1110 qui
832 1030 946 1110 quidem
966 1039 1050 1107 gesta
1071 1028 1195 1109 Philippi
1214 1050 1281 1110 per·

169 1135 301 1194 tractatis
325 1135 438 1195 demum
462 1134 519 1194 illis
543 1136 629 1195 bellis
653 1155 709 1196 uno
735 1147 838 1197 tenore
861 1136 1032 1197 deducenda
1053 1137 1214 1198 incohauit:
1239 1147 1281 1200 in·

169 1260 231 1300 socc
255 1243 340 1300 Musa
368 1263 453 1302 manu
483 1248 674 1304 Romanorum
701 1249 884 1320 induperator
913 1249 994 1316 Quod
1020 1251 1133 1320 quisque
1158 1251 1187 1304 in
1213 1249 1282 1305 betto

168 1353 254 1424 pessit
270 1368 333 1408 cum
353 1367 420 1426 rogo
438 1353 568 1425 Philippo
591 1347 634 1426 (X
652 1348 687 1407 fr.
700 1349 740 1428 l).
786 1348 944 1409 Praeterea
966 1369 1070 1410 uersus
1094 1350 1197 1428 quibus
1222 1349 1280 1409 Hu-

170 1455 236 1531 gius
258 1454 395 1514 tumultus
409 1452 539 1515 Gallicos
560 1455 717 1532 significari
729 1458 845 1532 statuit,
867 1473 921 1514 nos
942 1455 977 1515 ad
999 1465 1130 1535 quartum
1148 1455 1280 1516 annalem

171 1559 367 1638 relegauimus
392 1560 443 1639 (ir.
460 1561 533 1640 Vl);
567 1562 642 1622 alter
662 1572 774 1638 autem,
809 1581 866 1642 quo
889 1562 980 1637 Illyrii
1003 1563 1183 1621 nominantur
1206 1563 1278 1640 (inc.

171 1666 233 1726 sed.
262 1665 387 1747 XLIV),
420 1678 539 1749 praeter
563 1670 768 1729 necessitatem
795 1668 830 1728 ad
859 1671 952 1747 ipsum
978 1668 1087 1728 bellum
1116 1667 1280 1743 lllyriorum

171 1774 313 1848 refertur,
346 1776 394 1853 qui
417 1793 481 1834 cum
503 1774 572 1834 alibi
600 1784 657 1834 tum
685 1776 713 1833 in
740 1774 821 1835 bello
844 1775 1036 1835 Macedonico
1060 1773 1161 1835 haberi
1188 1778 1281 1854 potuit

171 1879 249 1938 conl.
272 1879 354 1939 Liuio
375 1879 473 1940 XXXI
489 1881 540 1941 34.
557 1880 607 1941 35.
622 1880 673 1940 40.

256 1984 379 2045 Restant
406 1988 517 2067 aliquot
547 1997 575 2048 et
602 1988 703 2066 plures
731 1986 845 2065 quidem
870 2003 954 2065 quam
977 1987 1042 2064 ipse
1069 1988 1177 2048 uellem
1200 1991 1278 2050 citati

170 2108 208 2150 ex
227 2090 285 2151 hoo
307 2091 382 2151 libro
401 2111 516 2170 uersus,
540 2111 614 2171 quos
635 2113 699 2154 cum
714 2095 742 2152 in
761 2102 841 2152 certa
861 2092 934 2151 sede
954 2093 1112 2153 conlocare
1136 2112 1193 2152 non
1211 2113 1279 2174 pos·

171 2216 250 2273 sem,
282 2215 298 2257 a
327 2199 434 2258 ceteris
459 2201 624 2277 segregaui.
675 2199 720 2260 De
747 2217 869 2280 quorum
891 2199 997 2277 primis.
1015 2199 1127 2259 duobus
1149 2208 1283 2262 mulserat

170 2308 224 2364 buc
252 2323 351 2365 nouem
379 2311 548 2381 compulsam
572 2312 700 2382 fluctibus
717 2316 822 2384 pontus
847 2303 919 2384 (xl)
949 2315 978 2365 et
1004 2312 1076 2366 atter
1094 2327 1166 2367 nare
1190 2315 1281 2384 cupit:

170 2415 240 2470 atter
264 2428 396 2487 pugnare
412 2421 546 2485 paratust
567 2410 653 2493 (Xll)
685 2413 743 2473 hoc
765 2409 899 2490 procliue
922 2420 968 2470 est
990 2412 1165 2489 intellegere
1188 2431 1280 2492 posse

170 2533 224 2576 eos
245 2516 281 2576 ad
302 2516 384 2576 buius
411 2514 482 2575 belli
506 2518 661 2578 certamina
682 2517 796 2579 naualia
821 2519 987 2594 pertinere,
1019 2520 1149 2597 apertius
1171 2521 1279 2598 signiti-

170 2640 238 2682 care
257 2623 446 2682 occasionem
465 2640 523 2681 non
544 2624 623 2683 licet.
669 2621 780 2696 Quibus
799 2633 922 2703 possunt
942 2642 979 2684 ex
998 2626 1116 2685 incertis
1131 2644 1189 2685 non
1209 2626 1280 2687 nulli

170 2729 300 2788 eiusdem
326 2730 446 2806 generis
474 2748 579 2790 uersus
607 2730 740 2807 adiungi:
770 2737 856 2790 isdem
885 2751 1001 2806 campos
1023 2735 1105 2791 babet
1130 2738 1280 2792 textrinum

169 2839 286 2896 nauibus
307 2840 394 2912 longis
413 2835 486 2912 (luo,
505 2836 568 2896 sed.
587 2835 681 2914 XIX),
704 2847 730 2896 et
745 2841 840 2896 metior
859 2844 940 2896 nottt’s
956 2859 1040 2913 quom
1057 2857 1131 2914 quoe
1150 2843 1279 2896 stlattaria

165 2951 262 3018 portat
276 2940 375 3019 (XX),
398 2949 501 3018 ingenti
518 2948 596 3002 uadit
609 2961 695 3002 cursu
715 2963 771 3018 qua
787 2946 910 3001 redditus
932 2954 1017 3002 termo
1039 2953 1079 3001 est
1098 2940 1215 3019 (XXI),
1239 2942 1277 2999 si-

170 3047 285 3125 quidem
307 3046 383 3106 bunc
400 3054 489 3125 poeta
506 3048 543 3108 de
560 3050 625 3108 naui
642 3046 762 3122 extulit,
788 3056 817 3106 et
838 3050 979 3106 hortatore
993 3050 1061 3106 bono
1075 3050 1277 3121 priusquam.

166 3158 268 3230 finibus
293 3164 378 3214 termo
410 3154 535 3236 (XXll).
586 3155 772 3215 Hortatorem
800 3154 876 3212 enim
902 3153 1011 3212 Ennius
1041 3150 1110 3211 dicit
1141 3167 1206 3208 eum
1231 3151 1279 3227 qui

170 3261 218 3320 ‘in
240 3261 311 3320 mari
332 3263 461 3340 remiges
486 3262 634 3322 bortatur’
664 3260 771 3332 (Plauti
794 3259 913 3319 Mercat.
939 3256 1036 3337 696),
1065 3273 1151 3334 quem
1174 3254 1279 3316 Graeci

169 3358 325 3444 κελευστὴν
347 3366 544 3446 adpellabant.
588 3367 682 3428 Etiam
705 3367 844 3427 incertior
861 3385 910 3426 res
930 3373 976 3424 est
996 3363 1032 3422 de
1056 3361 1119 3421 bis:
1144 3367 1208 3421 dum
1223 3369 1280 3422 cta·

167 3493 233 3531 uum
255 3482 361 3532 rectum
383 3484 488 3535 mnsam
510 3492 665 3550 nouemque
687 3478 833 3550 gubernem
858 3471 985 3551 (XXlll)
1009 3477 1055 3529 el:
1084 3473 1163 3528 baud
1179 3479 1280 3530 temere

168 3583 298 3655 estquod
318 3589 345 3639 tu
360 3588 432 3640 tristi
447 3601 509 3641 cum
529 3585 614 3640 corde
632 3584 773 3655 gubernas
796 3579 931 3657 (XXIV).
964 3576 1094 3651 Quorum
1114 3575 1171 3634 hoo
1188 3592 1278 3654 prop-

168 3692 214 3743 ter
236 3684 399 3760 ambiguam
423 3683 603 3762 gubernandi
630 3688 776 3745 notionem
804 3705 861 3746 non
891 3682 1061 3743 necessario
1086 3678 1122 3739 ad
1146 3698 1208 3740 rem
1229 3697 1279 3739 na·

168 3790 265 3849 ualem
284 3791 420 3850 refertur.
463 3790 545 3850 lllius
566 3800 662 3850 autem
684 3792 855 3851 sententiam
877 3809 933 3850 nec
956 3788 1085 3847 editores
1108 3785 1279 3863 superiores

168 3915 224 3956 nec
246 3896 356 3974 llugius
376 3904 600 3974 perspexerunt.
653 3894 911 3955 Adhaerescentes
930 3894 1005 3951 enirn
1025 3890 1129 3950 lsidori
1148 3891 1277 3949 testimo·

170 4000 217 4057 nio
241 4000 290 4077 qui
310 3997 409 4078 (Orig.
425 4000 496 4060 XlX
513 4001 549 4080 2)
568 4009 658 4060 totum
676 4017 792 4058 uersum
811 4000 849 4058 ita
871 4000 969 4059 citauit
991 4007 1021 4058 ut
1036 4002 1147 4057 clauum
1165 4012 1192 4053 e.
1207 4012 1236 4072 q.
1253 4013 1277 4054 s.

168 4104 244 4165 hano
268 4123 336 4164 esse
360 4105 396 4164 de
427 4107 575 4166 exercitiis
598 4105 792 4164 Romanorum
814 4104 966 4163 naualibus
989 4103 1188 4180 depromptam
1212 4116 1278 4179 par·

168 4211 285 4271 ticulam
307 4210 528 4273 arbitrabantur.
580 4210 619 4271 At
644 4228 744 4270 ueram
772 4227 876 4269 uersus
898 4208 1029 4288 speciem
1053 4204 1182 4263 seruauit
1203 4205 1279 4265 haud
