2932 4942
545 331 902 411 rauconnr'aavu

673 520 783 592 XVIII

273 709 717 729 ........
771 658 989 752 imprimitque
1020 659 1128 752 genae
1151 680 1282 751 genam.

686 794 766 867 XIX

272 910 379 1012 [Nam]
411 917 574 985 flammam
605 915 739 1006 sapiens
769 916 903 1033 sacili-os·
922 916 980 987 dre
1003 916 1035 986 in
1058 918 1193 986 ardente
1217 915 1283 1007 op-

274 1120 378 1205 Quam
402 1122 489 1191 bona
512 1120 598 1190 dicta
618 1120 738 1190 teneat.
810 1023 919 1110 pnmlt

695 1257 760 1326 XX

272 1387 340 1472 Eu,
365 1387 438 1457 mea
461 1388 588 1478 puella,
613 1410 631 1456 e
655 1385 715 1478 spe'
739 1385 869 1478 quidem
893 1387 926 1456 id
948 1386 1109 1458 successit
1132 1387 1198 1457 tibi.

686 1522 764 1592 XXI
862 1595 864 1601 .

180 1649 242 1710 440
730 1643 804 1712 aeui
826 1641 946 1736 integri

679 1779 772 1848 XXII

586 1916 697 2007 angue
720 1915 834 1986 uillosr'
855 1914 945 1985 canis

672 2051 779 2122 XXlIl

586 2188 676 2258 ferro
698 2186 823 2258 foedati
845 2188 960 2256 iacent.

203 2435 285 2485 XVIII
298 2435 405 2486 Seruius
421 2439 448 2486 in
462 2438 526 2487 Aen.
542 2437 577 2486 VI
593 2437 645 2489 686
664 2438 791 2504 ‘genis‚
806 2438 951 2506 palpebris:
968 2438 1065 2487 Ennius
1082 2437 1114 2486 de
1128 2436 1283 2485 dormiente:

171 2507 356 2572 imprimitque’
375 2523 395 2556 e.
415 2523 439 2570 q.
458 2523 479 2559 s.
550 2506 613 2556 XIX
631 2507 719 2558 Cicero
738 2509 770 2558 de
790 2518 853 2559 orat.
872 2511 954 2572 1154,
975 2510 1026 2558 222
1046 2506 1128 2569 ‘quod
1146 2514 1184 2556 est
1203 2505 1285 2555 lromi-
1371 2537 1373 2542 ·

170 2577 245 2626 nibus
257 2574 348 2625 facetis
367 2584 391 2626 et
409 2576 540 2628 dicacibus
560 2576 757 2638 difficillimum,
776 2577 872 2628 habere
890 2579 1020 2628 hominum
1039 2577 1162 2626 rationem
1180 2583 1205 2624 et
1221 2582 1285 2624 tem-

169 2660 260 2710 porum
279 2651 304 2694 et
323 2660 353 2694 ea
372 2661 437 2709 quae
454 2655 600 2706 occurrant,
628 2662 686 2696 cum
703 2647 847 2698 salsissime
868 2649 919 2697 dici
938 2649 1049 2714 possint,
1069 2654 1162 2695 tenere.
1197 2646 1285 2707 Itaque

169 2730 219 2764 aon
235 2713 299 2764 nulli
318 2715 421 2765 ridiculi
445 2716 563 2768 homines
585 2716 635 2766 hoc
652 2717 738 2782 ipsum
756 2732 806 2766 non
832 2718 930 2768 insulse
952 2719 1155 2782 interpretantur.
1193 2716 1286 2764 Dicere

169 2786 237 2834 enim
256 2785 328 2834 aiunt
345 2786 471 2845 Ennium,
491 2786 650 2836 flammam
668 2800 683 2834 a
701 2788 851 2851 sapiente
871 2786 1012 2838 facilius
1031 2800 1085 2835 cre
1101 2787 1132 2833 in
1149 2785 1285 2834 ardente

170 2854 326 2920 opprimi,
350 2870 440 2918 quam
461 2855 486 2906 b.
512 2855 539 2908 d.
562 2862 594 2904 t:
622 2855 686 2905 haec
708 2856 807 2906 scilicet
830 2856 897 2907 bona
921 2857 1004 2915 dicta,
1032 2869 1097 2917 quae
1121 2854 1190 2905 salsa
1214 2854 1283 2906 sint!

170 2921 320 2981 (Ennium
340 2940 391 2976 om.
411 2925 487 2975 Voss.
505 2925 578 2975 Leid.
598 2924 709 2975 dicere
728 2925 810 2975 enirn
828 2934 879 2976 aut
899 2926 1004 2991 pienti
1023 2923 1162 2975 facilius
1178 2924 1282 2973 Abrinc.

169 2994 223 3044 Erl.
239 3009 268 3054 a,
285 2993 336 3043 nisi
350 2995 419 3057 quod
432 2996 459 3045 in
473 2994 523 3045 hoc
539 2995 592 3045 aiu
601 3000 633 3042 nt
645 2997 846 3059 superscriptum
858 3004 896 3045 est
908 3010 986 3060 anper
997 2992 1069 3056 aut)
1139 2992 1189 3043 XX
1203 2996 1284 3045 Varro

170 3064 202 3114 de
217 3063 246 3116 L.
262 3062 292 3113 L.
306 3063 351 3112 Vll
370 3062 404 3115 93
423 3065 457 3114 Μ.
479 3068 579 3114 ‘euax
597 3064 705 3113 uerbum
726 3064 789 3113 nihil
806 3065 947 3129 significat,
966 3064 1013 3114 sed
1029 3063 1164 3113 effutitinm
1183 3070 1286 3113 natura-

169 3133 229 3182 liter
248 3139 302 3191 est,
320 3140 348 3181 nt
361 3134 432 3200 apud
445 3134 554 3183 Ennium
572 3131 698 3198 [Hectoris
713 3133 799 3186 Lustr.
815 3134 847 3182 fr.
863 3133 936 3200 VIII:
956 3133 1026 3199 apud
1040 3133 1161 3182 Ennium:
1182 3150 1214 3183 eu
1227 3148 1285 3182 mea

170 3204 205 3267 p.'
234 3220 255 3252 e.
277 3218 302 3265 q.
325 3218 346 3251 s.
384 3203 469 3268 ‘apud
492 3203 661 3267 Pompilium:
693 3201 755 3252 hen'
780 3220 803 3255 e.
828 3219 851 3266 q.
878 3221 899 3254 s.
938 3203 1112 3267 (Naeuium
1137 3203 1194 3254 cod.
1219 3199 1249 3265 B)

205 3271 266 3321 XXI
285 3270 391 3321 Seruius
409 3273 435 3321 in
454 3274 519 3325 Aen.
540 3272 574 3321 IX
589 3273 641 3323 255
661 3272 809 3338 ‘integer
829 3275 921 3333 aeui,
939 3273 1031 3338 integri
1050 3272 1121 3332 aeui,
1140 3274 1158 3325 i.
1179 3289 1203 3322 e.
1222 3272 1285 3321 adu-

172 3341 285 3404 lescens,
307 3343 347 3389 eui
366 3348 436 3391 aetas
453 3345 552 3407 integra
571 3357 648 3406 super
664 3348 710 3391 est.
739 3343 813 3392 Vnde
823 3342 920 3392 Ennius
939 3343 1014 3392 daos
1033 3342 1109 3392 aeui
1129 3343 1284 3407 integros

171 3409 247 3470 dicit,
267 3409 360 3471 quibus
379 3411 487 3461 multum
507 3413 565 3461 aeui
581 3426 660 3476 super
678 3411 735 3463 est.’
805 3410 879 3461 XXII
897 3416 963 3461 Acro
982 3413 1008 3461 in
1021 3412 1082 3466 Hor.
1097 3409 1182 3461 Carm.
1194 3413 1228 3461 lll
1244 3412 1284 3471 ll,

173 3477 205 3526 18
225 3477 355 3527 ‘muniant
372 3494 470 3546 angues
486 3490 562 3546 capnt
581 3481 648 3529 eius:
673 3488 700 3528 nt
719 3480 754 3528 ait
771 3479 883 3530 Ennius:
906 3483 1002 3548 angue'
1021 3496 1042 3530 e.
1062 3497 1087 3543 q.
1108 3496 1129 3530 s.
1201 3481 1285 3530 XXIII

170 3545 275 3595 Seruius
289 3547 319 3595 ia
340 3548 403 3596 Aen.
424 3549 527 3599 111241
548 3549 700 3601 ‘foedare
718 3556 858 3600 cruentare.
895 3552 1007 3601 Ennius:
1026 3550 1105 3601 ferro‘
1127 3566 1150 3602 e.
1171 3564 1195 3612 q.
1217 3567 1239 3604 a.

255 3793 307 3847 436
329 3803 382 3859 que
402 3787 525 3860 fortasse
547 3790 690 3847 delendum
712 3797 804 3848 censet
825 3791 857 3849 0.
877 3792 1042 3850 Ribbeclcius
1146 3795 1198 3850 437
1220 3810 1286 3849 nam

172 3877 202 3932 0.
221 3873 400 3941 Ribbeclct'us,
423 3874 471 3945 qui
488 3873 651 3930 indirectam
667 3893 723 3947 qua
746 3878 841 3936 Cicero
858 3880 943 3934 utatur
962 3881 1112 3934 orationem
1128 3880 1157 3932 a'n
1173 3893 1285 3934 uersum

170 3961 257 4031 coepit
339 3962 393 4017 439
408 3975 443 4012 eu
460 3957 490 4013 0.
503 3958 678 4016 Ribbecka'us.
694 3961 751 4016 hau
766 3963 835 4018 Par.
847 3963 874 4019 b.
892 3964 949 4018 heu
964 3965 1057 4019 ceteri.
1073 3963 1147 4018 eheu
1161 3963 1242 4034 culpo

212 4061 228 4097 e
250 4061 300 4114 spe
326 4044 357 4098 0.
374 4042 550 4099 Ritceclcius.
574 4061 626 4115 spe
652 4046 730 4100 utor.
754 4047 832 4103 Goth.
848 4048 920 4103 Par.
937 4065 966 4102 a.
988 4064 1074 4118 saepe
1094 4047 1191 4104 Hauc.
1217 4063 1285 4118 sepe

169 4130 238 4184 Par.
255 4129 282 4183 b.
375 4128 513 4184 successit
534 4128 564 4184 0.
576 4127 735 4187 Muellerus.
759 4133 901 4188 succensit
923 4133 1000 4190 Goth.
1018 4132 1115 4192 naun.
1137 4138 1287 4188 succenset

168 4213 248 4267 Flor.
263 4213 334 4268 Par.
354 4230 382 4267 a.
398 4229 552 4268 succenses
569 4214 670 4269 Pano
