2932 4942
172 383 255 429 xuvr
571 373 885 442 QVAESTIONES

170 557 335 615 agnoscere
353 537 488 613 uidebar,
512 547 541 596 ιιι
558 537 703 616 llbergius
722 541 858 617 agnouit,
883 558 947 597 eum
964 540 1011 617 qui
1028 541 1056 597 in
1073 550 1282 617 prouocantem

171 643 326 722 superbius
351 642 462 702 Gallum
488 644 609 704 inuadit:
649 665 818 724 quamquam
848 663 904 704 non
933 646 1035 705 neseio
1065 646 1204 722 alterum,
1237 649 1283 707 cui

170 750 245 808 bunc
268 767 383 808 uersum
409 751 633 828 accommodes,
659 763 807 813 certamen
830 752 977 829 singulare
1000 752 1027 809 in
1049 762 1184 830 promptu
1201 772 1281 829 esse,

170 856 256 930 illud,
281 873 338 933 quo
355 855 493 934 Torquati
516 859 604 917 lilium
625 877 688 918 curn
707 860 806 936 equite
822 857 988 918 Tusculano
1006 875 1198 935 congressum
1213 878 1283 919 esse

170 961 266 1020 binius
293 961 359 1021 Vlll
387 965 405 1022 7
432 963 593 1041 perhibuit:
622 978 713 1026 maaet
735 970 858 1041 ferocem
886 971 1006 1023 nndnnm
1032 971 1139 1024 iuuenis
1162 985 1212 1025 sea
1237 973 1283 1025 irn

168 1088 216 1128 seu
248 1073 419 1128 ‹letredcndi
454 1079 613 1131 certaminis
640 1077 758 1149 pudor,
792 1091 842 1130 seu
875 1074 1109 1145 inexsuperabilis
1141 1078 1185 1130 aas
1214 1076 1284 1148 lali.-

168 1180 264 1235 oblr'tas
290 1166 385 1252 ¹itaque
421 1183 531 1252 imperii
559 1185 651 1254 patrii
681 1183 877 1253 consulumque
910 1181 992 1235 edicti
1015 1195 1158 1252 praeceps
1190 1181 1230 1234 nd
1256 1182 1286 1235 td

169 1292 309 1341 certamen
340 1289 439 1357 agitur.
495 1284 580 1357 Quod
614 1287 638 1344 si
670 1283 862 1362 praetuleris,
898 1283 980 1360 primi
1014 1291 1043 1342 et
1070 1282 1189 1342 secundi
1216 1301 1283 1342 uer·

170 1407 251 1447 suum
276 1389 349 1448 ordo
378 1389 536 1448 inuertatur
563 1408 687 1450 necesse
720 1399 775 1449 cst.
820 1387 866 1448 Illi
891 1406 976 1465 quam
1002 1405 1060 1465 ego
1080 1397 1200 1473 secutus
1221 1406 1283 1447 sum

173 1495 336 1553 sententiae
365 1495 407 1552 sin
435 1496 620 1573 astipularis,
653 1516 690 1555 ex
722 1495 840 1555 incertis
869 1493 925 1552 buc
957 1494 1065 1553 addere
1092 1495 1284 1570 fragmentum

172 1601 271 1660 licebit
300 1601 371 1677 (inc.
394 1603 456 1666 sed.
479 1602 567 1684 XV):
599 1622 657 1682 quo
684 1602 883 1662 detruncatum
912 1600 948 1659 ab
967 1599 1074 1661 Manlio
1097 1601 1172 1661 Galli
1194 1611 1281 1679 caput

61 1730 65 1737 ·
170 1707 352 1785 depingatur.
391 1709 436 1769 De
463 1729 499 1770 eo
523 1712 680 1771 certamine
696 1705 809 1767 Claudii
826 1705 1012 1783 Quadrigarii
1028 1709 1171 1780 narratis,
1197 1724 1283 1784 quarn

170 1814 265 1873 multis
294 1816 455 1875 nominibus
478 1816 654 1878 Niebubrius
679 1813 752 1872 Hist.
777 1812 860 1871 Rom.
885 1811 924 1872 lll
953 1810 993 1871 88
1022 1811 1139 1874 Liuiana
1163 1812 1281 1873 inferio-

170 1940 230 1979 rem
257 1920 381 1997 iudicat,
407 1941 461 2001 per
485 1923 570 1983 Gellii
592 1922 759 1982 industriam
787 1917 844 1995 (lX
871 1919 924 1996 13)
955 1918 992 1978 ad
1009 1935 1063 1978 nos
1090 1922 1280 1997 permanauit.

171 2023 309 2085 Claudius
339 2029 426 2103 igitur
449 2030 522 2089 baec
550 2030 606 2088 ibi:
635 2032 683 2087 nebi
709 2045 770 2086 enm
797 2032 908 2097 reuertit,
932 2035 1018 2101 capnt
1039 2031 1193 2101 praecidit,
1227 2038 1282 2087 tor·

172 2136 396 2206 quent-detraxit
417 2153 530 2210 eamque
552 2138 791 2209 sanguinulentam
818 2136 870 2194 riti·
893 2138 922 2190 in
950 2137 1049 2191 collum
1077 2138 1192 2208 inponit.
1237 2132 1282 2193 Ad

171 2236 294 2295 eundem
316 2255 411 2296 rerum
433 2248 581 2315 tenorem,
609 2239 679 2298 lieet
698 2255 802 2296 nexum
825 2253 883 2296 non
904 2237 1014 2297 certius
1036 2235 1187 2314 deliniam,
1212 2257 1282 2318 per·

171 2345 261 2417 tinet,
297 2343 324 2400 ni
355 2342 460 2419 fallor,
497 2344 555 2403 boc
582 2362 699 2423 quoque
727 2342 880 2403 frustulum
905 2353 1005 2419 aqnnst
1033 2363 1152 2420 aspersa
1178 2351 1284 2406 ιαιιηίι

174 2447 257 2525 (lll).
298 2448 385 2521 erod
408 2448 552 2528 llbergius
583 2451 727 2510 inlustrari
752 2449 824 2508 Liuii
857 2450 1022 2509 narratione
1053 2469 1128 2529 quae
1156 2461 1202 2512 est
1229 2453 1283 2512 sub

171 2555 288 2613 initium
302 2554 367 2613 libri
388 2558 484 2615 octaui
504 2559 684 2636 opinabatur.
730 2556 873 2617 Samnites
894 2556 988 2631 enim,
1012 2566 1166 2635 postquam
1190 2558 1282 2635 primo

172 2680 235 2720 enm
252 2660 389 2720 Romanis
409 2662 587 2724 debellatum
604 2673 664 2738 est,
687 2663 824 2722 aLatinis
844 2659 1057 2740 Campanisque
1073 2663 1281 2739 sollicitantur:

170 2768 208 2827 de
230 2785 267 2826 eo
290 2767 380 2843 legati
402 2769 569 2829 Samnitium
591 2769 701 2828 Romae
724 2770 877 2845 conquesti
901 2779 980 2829 suut:
1009 2787 1118 2847 auceps
1138 2789 1154 2830 a
1176 2769 1282 2830 Roma·

169 2875 213 2932 nis
229 2890 401 2950 responsum
417 2873 528 2933 datum:
548 2877 625 2954 quod
643 2872 822 2952 ‘Campanos
837 2883 914 2934 metu
926 2875 1111 2952 abalienauit‚
1127 2877 1283 2937 Latinos

170 2979 274 3040 uelut
302 2980 394 3040 nihil
414 2983 478 3041 iam
500 2999 570 3040 non
593 2980 893 3042 concedentibus
913 2980 1086 3042 Romanis
1110 2983 1281 3041 ferocio-
1340 3058 1348 3069 1

169 3105 228 3146 res
245 3087 355 3146 iecit'
371 3085 454 3163 (Vlll
466 3087 512 3167 3).
531 3089 593 3148 Hoc
606 3089 680 3148 enim
693 3086 859 3164 significare
872 3097 952 3165 putat
965 3096 1093 3167 poetam,
1107 3107 1170 3148 enm
1179 3105 1282 3165 aquam

169 3211 319 3272 aspersam
332 3212 400 3253 esse
408 3194 515 3255 Latinis
527 3196 614 3272 dicat,
628 3211 681 3254 eos
694 3194 885 3272 superbiores
898 3196 1040 3254 euasisse.
1058 3196 1166 3254 Verum
1178 3197 1203 3254 is
1215 3213 1281 3254 sen·

170 3319 219 3359 sus
234 3300 331 3385 dillert
353 3316 411 3359 non
435 3301 505 3361 nihil
529 3300 566 3360 ab
589 3300 718 3359 eiusdem
739 3299 895 3358 locutionis
918 3319 969 3358 usu
986 3300 1134 3377 Plautino,
1159 3318 1281 3379 qneme

169 3404 276 3464 Bacch.
294 3425 321 3463 ιι.
339 3404 399 3464 247
415 3422 590 3482 cognoscas.
626 3404 652 3462 Α
672 3421 728 3481 quo
749 3404 826 3480 quod
843 3404 972 3465 Kochius
986 3405 1094 3466 Exere.
1114 3408 1176 3466 crit.
1194 3425 1223 3485 p.
1243 3405 1293 3464 12.

169 3510 278 3569 distare
309 3510 415 3569 dictum
437 3509 597 3569 Ennianum
626 3509 800 3582 arbitratur,
831 3511 929 3586 opinio
954 3529 1017 3570 eum
1039 3511 1155 3571 leiellit.
1199 3510 1281 3597 Ergo

169 3616 243 3675 baec
265 3624 311 3674 est
333 3616 473 3674 uersiculi
495 3617 654 3689 sententia,
679 3613 785 3673 Latinis
807 3615 1016 3692 trepidantibus
1040 3636 1076 3677 ac
1095 3617 1200 3677 timidis
1210 3615 1282 3675 red·

169 3721 257 3780 ditum
278 3739 346 3779 esse
369 3725 471 3783 nescio
495 3742 553 3803 quo
578 3738 648 3779 casu
670 3718 803 3777 animum.
841 3717 911 3780 Cum
929 3722 1061 3782 Plautino
1083 3723 1158 3780 enim
1181 3740 1281 3796 asper-

168 3833 227 3886 sisti
252 3848 353 3902 cuquam
380 3828 532 3901 conuenit,
561 3827 639 3904 quod
667 3836 789 3904 perapte
820 3827 940 3888 contulit
964 3828 1103 3888 Erasmus
1131 3826 1226 3902 Adag.
1251 3845 1281 3903 p.

169 3931 248 4009 572,
289 3932 418 3992 Terentii
456 3937 600 3992 reddidisti
632 3940 766 3993 animam:
804 3934 841 3993 ei.
874 3934 965 3995 Plauti
994 3935 1080 3994 Truc.
1109 3933 1135 3994 ll
1163 3936 1199 4008 4,
1233 3933 1281 3992 15.

170 4038 258 4100 Cuius
274 4041 388 4118 quidem
405 4040 567 4098 sententiae
583 4041 611 4099 in
627 4039 678 4099 illo
694 4040 878 4127 ferocissimo
890 4040 1055 4102 Latinorum
1067 4039 1147 4100 bello
1161 4040 1281 4099 occasio

168 4147 275 4207 deesse
298 4163 356 4205 non
385 4147 488 4223 potuit.
539 4145 604 4205 Non
637 4147 674 4206 ita
703 4147 792 4205 multo
823 4157 890 4225 post
913 4145 1068 4226 Campanis
1100 4146 1202 4206 ciuitas
1232 4144 1281 4204 da·

168 4261 235 4327 tur,
279 4252 357 4330 qued
389 4251 485 4310 Liuius
516 4261 612 4311 narrat
627 4250 712 4312 ·Vlll
745 4253 799 4311 14:
839 4257 988 4331 Campanis
1018 4259 1137 4329 equitant
1169 4256 1284 4311 Moeris
