2932 4942
590 369 594 374 .
639 315 875 373 ANNALIVM

693 484 786 555 XXII
800 481 817 520 *

302 607 410 690 Quam
429 606 528 696 prisci
548 606 636 676 casci
650 605 773 696 populi
794 608 931 674 tenuere
951 605 1057 675 Latini

687 742 824 812 XXIII*
941 734 944 739 ’

233 870 274 930 25
302 912 559 930 .....
614 862 679 931 late
702 862 857 932 Saturnia
878 867 966 932 terra

686 998 799 1068 XXIV
813 997 829 1036 *

857 1117 1002 1189 Saturno

300 1220 407 1303 Quem
429 1217 551 1289 Caelus
573 1218 691 1312 genuit

690 1370 790 1440 XXV
803 1369 820 1407 *

303 1488 386 1560 Cum
404 1512 508 1561 saeuo
529 1490 658 1562 obsidio
677 1512 821 1583 magnus
842 1491 971 1561 Titanu’
990 1492 1160 1583 premebat

698 1627 811 1698 XXVI

302 1746 450 1838 luppiter
471 1750 508 1816 ui
527 1771 623 1819 muro
645 1749 751 1819 fretus
769 1747 879 1841 magis
897 1747 1038 1840 quamde
1059 1768 1178 1816 manus
1195 1745 1229 1814 ui

692 1883 819 1954 XXVII

233 2012 274 2074 30
302 2001 365 2088 Qui
386 1981 514 2074 caelum
537 2007 651 2074 uersai
673 2004 779 2075 stellis
798 2002 1009 2096 fulgentibus·
1024 2005 1147 2094 apium.

172 2195 179 2216 ⁸
231 2203 307 2253 XXII
325 2205 407 2254 Varro
421 2205 453 2255 de
463 2203 530 2254 L.L.
540 2205 589 2254 Vll
599 2205 633 2256 28
643 2207 676 2256 Μ.
698 2208 842 2255 ‘cascum
855 2212 929 2255 uetus
939 2219 997 2254 esse
1005 2203 1236 2270 significatEnnins
1245 2204 1314 2266 quod

197 2274 247 2323 ait:
268 2274 359 2335 quam'
383 2289 406 2323 e.
429 2289 454 2336 q.
474 2289 495 2322 s.
526 2274 615 2325 Cicero
632 2276 708 2325 Tusc.
726 2275 795 2342 disp.
811 2277 822 2324 l
837 2275 880 2335 12,
894 2275 926 2324 27
952 2275 1053 2338 ‘itaque
1071 2288 1151 2323 unum
1173 2273 1240 2323 illud
1261 2281 1315 2325 erat

197 2344 301 2392 insitum
320 2343 446 2408 priscis
460 2343 527 2402 illis,
557 2359 620 2407 quos
635 2360 749 2403 cascos
763 2344 878 2411 appellnt
891 2344 1004 2405 Ennius,
1034 2359 1092 2394 esse
1112 2344 1139 2392 in
1155 2350 1236 2393 morte
1256 2358 1314 2394 sen-

197 2412 267 2462 sum'
294 2427 316 2461 e.
332 2429 356 2475 q.
370 2428 393 2462 s.
428 2413 598 2478 Hieronymus
612 2416 695 2480 Epist.
715 2414 866 2464 adNiceam
885 2429 912 2478 p.
929 2411 980 2464 342
995 2411 1074 2479 hlign.
1102 2417 1177 2462 ‘nam
1194 2420 1219 2463 ot
1237 2413 1315 2464 rudes

197 2482 236 2532 illi
251 2481 340 2532 ltaliae
352 2482 479 2543 homiues,
499 2498 563 2546 quos
579 2500 693 2535 cascos
706 2485 804 2534 Ennius
818 2483 944 2549 appellat’
963 2499 986 2534 e.
1001 2498 1026 2547 q.
1041 2498 1062 2532 s.
1132 2481 1221 2531 XXIII
1232 2483 1314 2532 Varro

198 2552 230 2601 de
243 2551 273 2600 L.
288 2550 318 2599 L.
338 2552 362 2600 V
376 2553 409 2600 42
424 2552 459 2600 Μ.
482 2552 578 2602 ‘huuc’
604 2554 645 2619 (h.
668 2571 691 2604 e.
714 2549 902 2619 Capitolium)
928 2556 1017 2604 ‘antea
1034 2560 1146 2602 montem
1167 2551 1314 2602 Saturnium

197 2619 356 2687 appellatum
370 2621 537 2686 prodiderunt
555 2630 579 2672 et
594 2624 626 2672 ab
645 2638 675 2673 eo
691 2624 757 2673 late
770 2622 959 2673 Saturniam
975 2631 1109 2682 terram,
1129 2629 1157 2670 ut
1174 2622 1251 2672 etiam
1263 2622 1314 2673 En-

197 2691 255 2739 nius
274 2691 406 2755 appellat.’
433 2692 549 2742 Enniana
565 2693 644 2742 uerba
664 2693 695 2742 ab
713 2693 777 2742 late
791 2693 906 2757 incipere
922 2692 953 2740 H.
973 2692 1101 2758 llbergius
1120 2691 1246 2741 intellexit

196 2759 283 2810 XXIV
302 2759 399 2809 Nonius
409 2775 436 2825 p.
446 2759 528 2822 lanu
537 2766 550 2826 ι’
559 2762 685 2811 caelum
700 2770 797 2811 neutro.
813 2761 955 2811 masculino
967 2762 1100 2812 Lucretius
1117 2797 1156 2809 ...
1173 2762 1255 2811 Varro

197 2829 311 2878 Ennius:
332 2828 406 2880 fortis
416 2830 524 2881 llcmaui
540 2847 693 2894 quamquam
703 2831 789 2880 caelus
803 2830 955 2897 profundus.
983 2832 1070 2882 Idem:
1085 2830 1207 2880 Saturno’
1220 2847 1242 2881 e.
1254 2847 1279 2895 q.
1291 2845 1312 2879 s.

198 2898 329 2950 Charisius
348 2899 359 2948 I
378 2915 405 2965 p.
425 2900 460 2951 55
475 2900 503 2949 P.
526 2900 580 2966 (40
597 2898 693 2963 Lino.)
722 2901 861 2950 ‘caelum
883 2900 933 2949 hoc
952 2916 1010 2949 cum
1029 2902 1063 2952 sit
1081 2907 1212 2958 neutmm‚
1237 2901 1314 2950 etiam

197 2969 338 3019 masculine
349 2978 450 3020 ueteres
465 2971 600 3031 dixerunt,
617 2978 645 3021 nt
658 2971 770 3020 Ennius:
799 2971 887 3033 quem'
904 2986 927 3020 e.
942 2987 966 3033 q.
983 2985 1004 3019 s.
1038 2970 1187 3036 Epicharmi
1198 2969 1315 3035 Scaliger

198 3039 269 3100 Ocni.
285 3054 312 3104 p.
323 3038 382 3098 180,
402 3039 538 3090 Euhemeri
551 3041 696 3090 Xrahnerus
709 3040 741 3090 de
754 3047 866 3106 corrupt.
881 3039 955 3105 relig.
963 3040 1036 3089 Rom.
1050 3056 1076 3105 p.
1085 3039 1119 3090 40
1133 3040 1201 3089 hunc
1211 3054 1314 3090 uersum

197 3124 254 3159 esse
266 3114 295 3156 ut
305 3110 452 3173 proximum
466 3112 611 3176 suspicatur
679 3110 755 3160 XXV
769 3109 900 3175 Noniusp.
909 3110 969 3168 216,
979 3109 1013 3160 29
1024 3113 1036 3146 ,⁶
1045 3110 1081 3159 ob
1090 3110 1178 3159 sidio
1193 3108 1314 3158 feminino

199 3215 204 3226 .
221 3214 228 3226 .
243 3213 271 3226 ..
292 3186 380 3229 neutro
397 3180 507 3229 Ennius:
527 3181 597 3230 cum’
618 3196 641 3229 e.
658 3196 683 3243 q.
699 3195 721 3229 s.
793 3179 881 3229 XXVI
903 3179 993 3228 Festus
1008 3195 1035 3244 p.
1047 3179 1097 3230 261
1108 3177 1142 3228 Μ.
1164 3178 1314 3241 ‘quamde

197 3261 244 3312 pro
260 3262 336 3308 quam
349 3262 409 3296 usos
424 3264 480 3298 esse
494 3252 612 3313 antiquos
625 3264 682 3298 cum
697 3248 771 3298 multi
784 3256 885 3298 ueteres
899 3249 1045 3298 testimonio
1059 3254 1131 3309 sunt,
1150 3255 1204 3297 tum
1217 3248 1313 3296 Ennius

135 3402 137 3407 ψ
197 3330 375 3433 titillor.
395 3316 479 3436 <tir
494 3316 1315 3452 lliil⁸.l.f.⁵¹¹²‹¹¹.⁸.·.‡.5²“.¹.i¹¹..l¹¹.¹.¹‡;.⁰.‘l·.h.xliiii.

198 3460 295 3518 aptum.
327 3450 402 3517 [Aen.
417 3456 452 3505 lV
466 3454 529 3521 482]
544 3458 641 3506 Ennius
654 3457 680 3505 in
692 3456 794 3520 primo.
810 3493 816 3505 .
832 3458 854 3505 .’
883 3457 989 3523 (libro
1005 3458 1056 3506 Vl⁰
1068 3453 1181 3520 Salisb.)
1199 3455 1314 3505 Eundem

197 3535 301 3571 uersum
317 3522 418 3572 uidetur
436 3525 550 3575 Isidorus
574 3526 720 3591 respexisse
740 3526 773 3575 de
794 3541 879 3576 rerum
898 3534 989 3577 natura
1008 3525 1058 3577 XII
1084 3529 1160 3575 ‘nam
1177 3525 1246 3588 quod
1263 3525 1315 3591 ipsi

198 3591 305 3641 dicitur:
342 3593 398 3654 qui
422 3595 533 3644 uoluis
559 3597 671 3645 orbem
697 3594 814 3645 stellis
844 3596 1044 3647 ardentibus
1072 3594 1313 3662 refulgentem,

239 3767 275 3823 24
298 3769 413 3821 tenuere
429 3765 569 3823 Columna.
588 3785 712 3841 genuere
727 3768 792 3825 lilm'
894 3772 928 3828 27
949 3771 1026 3842 genii
1044 3769 1179 3843 Scahper.
1199 3772 1316 3844 geunuit

195 3849 308 3906 Merula
409 3855 445 3910 28
464 3868 551 3908 saeuo
575 3853 685 3911 lunata.
704 3871 756 3911 suo
776 3853 849 3911 liora
865 3855 905 3911 sis
924 3854 1095 3913 arcanea-uc
1182 3873 1316 3929 magnum

195 3934 309 3992 Merula
436 3933 545 3993 Titano*
564 3937 689 3994 Merula.
711 3939 840 3995 Titanum
861 3939 931 3996 libri.
957 3941 1056 3996 Titana
1075 3940 1177 3999 Juut'tta

196 4024 232 4080 29
249 4020 370 4092 quamde
385 4038 485 4078 manus
505 4024 533 4077 ui
549 4022 684 4096 Scalt'per.
708 4025 763 4097 qua
783 4021 895 4080 deman’
913 4027 991 4098 impe
1004 4026 1065 4084 cod.
1089 4027 1131 4096 (lt.
1144 4041 1168 4082 e.
1192 4025 1315 4099 quamde

196 4121 296 4163 manus
319 4108 355 4162 ui.
377 4107 447 4176 ide).
470 4109 591 4179 quamde
613 4126 698 4165 manu
715 4115 769 4164 stat
783 4109 942 4166 Eamthue.
969 4111 1090 4182 quamde
1111 4127 1196 4168 manu
1216 4128 1249 4168 sa
1263 4112 1317 4166 hn-

154 4235 157 4239 .
197 4195 277 4261 perat
294 4190 493 4272 &Muellerus
