<?xml version="1.0" encoding="UTF-8"?>
<!DOCTYPE html PUBLIC "-//W3C//DTD XHTML 1.0 Transitional//EN"
    "http://www.w3.org/TR/xhtml1/DTD/xhtml1-transitional.dtd">
<html xmlns="http://www.w3.org/1999/xhtml" xml:lang="en" lang="en">
 <head>
  <title>
</title>
<meta http-equiv="Content-Type" content="text/html;charset=utf-8" />
  <meta name='ocr-system' content='tesseract 3.04.00' />
  <meta name='ocr-capabilities' content='ocr_page ocr_carea ocr_par ocr_line ocrx_word'/>
</head>
<body>
  <div class='ocr_page' id='page_1' title='image "./ennianaepoesisr00ennigoog_0096.png"; bbox 0 0 2932 4942; ppageno 0'>
   <div class='ocr_carea' id='block_1_1' title="bbox 576 334 1246 394">
    <p class='ocr_par' dir='ltr' id='par_1_1' title="bbox 576 334 1246 394">
     <span class='ocr_line' id='line_1_1' title="bbox 576 334 1246 394; baseline 0.006 -5"><span class='ocrx_word' id='word_1_1' title='bbox 576 334 806 390; x_wconf 85' lang='grc' dir='ltr'>ΕΝΝΙΑΝΑΕ</span> <span class='ocrx_word' id='word_1_2' title='bbox 1109 346 1246 394; x_wconf 78' lang='lat' dir='ltr'>LXXXIX</span> 
     </span>
    </p>
   </div>
   <div class='ocr_carea' id='block_1_2' title="bbox 52 498 1248 4282">
    <p class='ocr_par' dir='ltr' id='par_1_2' title="bbox 136 498 1247 1214">
     <span class='ocr_line' id='line_1_2' title="bbox 138 498 1246 562; baseline 0.005 -6"><span class='ocrx_word' id='word_1_3' title='bbox 138 517 198 557; x_wconf 88' lang='lat' dir='ltr'>rem</span> <span class='ocrx_word' id='word_1_4' title='bbox 221 498 249 556; x_wconf 90' lang='lat' dir='ltr'>bi</span> <span class='ocrx_word' id='word_1_5' title='bbox 272 516 375 557; x_wconf 90' lang='lat' dir='ltr'>uersus</span> <span class='ocrx_word' id='word_1_6' title='bbox 397 515 544 556; x_wconf 90' lang='lat' dir='ltr'>numerum</span> <span class='ocrx_word' id='word_1_7' title='bbox 568 498 740 558; x_wconf 76' lang='lat' dir='ltr'>exhibeant:</span> <span class='ocrx_word' id='word_1_8' title='bbox 765 518 802 558; x_wconf 85' lang='lat' dir='ltr'>cx</span> <span class='ocrx_word' id='word_1_9' title='bbox 824 498 881 559; x_wconf 84' lang='lat' dir='ltr'>lroc</span> <span class='ocrx_word' id='word_1_10' title='bbox 904 501 978 558; x_wconf 89' lang='lat' dir='ltr'>enirn</span> <span class='ocrx_word' id='word_1_11' title='bbox 1000 518 1107 559; x_wconf 91' lang='lat' dir='ltr'>uereor</span> <span class='ocrx_word' id='word_1_12' title='bbox 1128 511 1158 560; x_wconf 89' lang='lat' dir='ltr'>ut</span> <span class='ocrx_word' id='word_1_13' title='bbox 1181 520 1246 562; x_wconf 88' lang='lat' dir='ltr'>cum</span> 
     </span>
     <span class='ocr_line' id='line_1_3' title="bbox 137 603 1245 684; baseline 0.001 -19"><span class='ocrx_word' id='word_1_14' title='bbox 137 606 233 684; x_wconf 91' lang='lat' dir='ltr'>aliqua</span> <span class='ocrx_word' id='word_1_15' title='bbox 257 603 461 683; x_wconf 78' lang='lat' dir='ltr'>probabilitate</span> <span class='ocrx_word' id='word_1_16' title='bbox 489 604 633 663; x_wconf 89' lang='lat' dir='ltr'>Sotadeus</span> <span class='ocrx_word' id='word_1_17' title='bbox 659 607 827 665; x_wconf 88' lang='lat' dir='ltr'>suscitetur·</span> <span class='ocrx_word' id='word_1_18' title='bbox 859 616 959 666; x_wconf 90' lang='lat' dir='ltr'>contra</span> <span class='ocrx_word' id='word_1_19' title='bbox 983 625 1020 665; x_wconf 85' lang='lat' dir='ltr'>eu</span> <span class='ocrx_word' id='word_1_20' title='bbox 1040 617 1164 684; x_wconf 91' lang='lat' dir='ltr'>utroque</span> <span class='ocrx_word' id='word_1_21' title='bbox 1187 608 1245 667; x_wconf 92' lang='lat' dir='ltr'>leni</span> 
     </span>
     <span class='ocr_line' id='line_1_4' title="bbox 136 711 1247 790; baseline 0.004 -20"><span class='ocrx_word' id='word_1_22' title='bbox 136 730 219 771; x_wconf 88' lang='lat' dir='ltr'>manu</span> <span class='ocrx_word' id='word_1_23' title='bbox 236 711 333 789; x_wconf 87' lang='lat' dir='ltr'>possis</span> <span class='ocrx_word' id='word_1_24' title='bbox 348 712 546 770; x_wconf 91' lang='lat' dir='ltr'>Saturniorurn</span> <span class='ocrx_word' id='word_1_25' title='bbox 564 712 721 789; x_wconf 88' lang='lat' dir='ltr'>particulas</span> <span class='ocrx_word' id='word_1_26' title='bbox 739 714 923 790; x_wconf 86' lang='lat' dir='ltr'>contingere:</span> <span class='ocrx_word' id='word_1_27' title='bbox 943 752 961 767; x_wconf 54' lang='grc' dir='ltr'><em>υ</em></span> <span class='ocrx_word' id='word_1_28' title='bbox 972 723 991 765; x_wconf 80' lang='lat'>.‘</span> <span class='ocrx_word' id='word_1_29' title='bbox 1004 731 1091 788; x_wconf 83' lang='lat' dir='ltr'>neque</span> <span class='ocrx_word' id='word_1_30' title='bbox 1108 715 1153 773; x_wconf 83' lang='lat' dir='ltr'>tue</span> <span class='ocrx_word' id='word_1_31' title='bbox 1170 718 1247 774; x_wconf 73' lang='lat' dir='ltr'>triste</span> 
     </span>
     <span class='ocr_line' id='line_1_5' title="bbox 137 817 1246 897; baseline 0.004 -21"><span class='ocrx_word' id='word_1_32' title='bbox 137 851 147 860; x_wconf 94' lang='lat'>·</span> <span class='ocrx_word' id='word_1_33' title='bbox 171 818 310 894; x_wconf 76' lang='lat' dir='ltr'>quadritdt</span> <span class='ocrx_word' id='word_1_34' title='bbox 340 817 435 892; x_wconf 81' lang='lat' dir='ltr'>siudpr&#39;</span> <span class='ocrx_word' id='word_1_35' title='bbox 460 821 555 892; x_wconf 84' lang='lat' dir='ltr'>Neque</span> <span class='ocrx_word' id='word_1_36' title='bbox 583 821 670 893; x_wconf 88' lang='lat' dir='ltr'>cue&#39;pe</span> <span class='ocrx_word' id='word_1_37' title='bbox 697 823 829 879; x_wconf 81' lang='lat' dir='ltr'>mue&#39;rlum</span> <span class='ocrx_word' id='word_1_38' title='bbox 852 827 895 874; x_wconf 71' lang='grc' dir='ltr'>-ὐ</span> <span class='ocrx_word' id='word_1_39' title='bbox 917 829 962 878; x_wconf 93' lang='lat' dir='ltr'>et:</span> <span class='ocrx_word' id='word_1_40' title='bbox 983 819 1081 875; x_wconf 36' lang='grc' dir='ltr'>καί</span> <span class='ocrx_word' id='word_1_41' title='bbox 1099 841 1161 880; x_wconf 86' lang='lat' dir='ltr'>cum</span> <span class='ocrx_word' id='word_1_42' title='bbox 1180 826 1246 897; x_wconf 82' lang='lat' dir='ltr'>spri-</span> 
     </span>
     <span class='ocr_line' id='line_1_6' title="bbox 137 926 1245 1001; baseline 0.002 -17"><span class='ocrx_word' id='word_1_43' title='bbox 137 930 173 984; x_wconf 85' lang='lat' dir='ltr'>liu</span> <span class='ocrx_word' id='word_1_44' title='bbox 187 961 196 967; x_wconf 96' lang='lat'>-</span> <span class='ocrx_word' id='word_1_45' title='bbox 208 927 317 1001; x_wconf 72' lang='lat' dir='ltr'>perceris</span> <span class='ocrx_word' id='word_1_46' title='bbox 335 926 514 984; x_wconf 79' lang='lat' dir='ltr'>de&#39;traae&#39;ruir</span> <span class='ocrx_word' id='word_1_47' title='bbox 534 928 621 996; x_wconf 79' lang='lat' dir='ltr'>Quom</span> <span class='ocrx_word' id='word_1_48' title='bbox 641 929 846 1001; x_wconf 81' lang='lat' dir='ltr'>inscriptiduem</span> <span class='ocrx_word' id='word_1_49' title='bbox 864 929 970 987; x_wconf 63' lang='lat' dir='ltr'>dubitas.</span> <span class='ocrx_word' id='word_1_50' title='bbox 1014 926 1084 986; x_wconf 87' lang='lat' dir='ltr'>Nam</span> <span class='ocrx_word' id='word_1_51' title='bbox 1107 927 1176 987; x_wconf 87' lang='lat' dir='ltr'>illud</span> <span class='ocrx_word' id='word_1_52' title='bbox 1196 927 1245 986; x_wconf 89' lang='lat' dir='ltr'>ab·</span> 
     </span>
     <span class='ocr_line' id='line_1_7' title="bbox 137 1029 1246 1112; baseline 0.004 -24"><span class='ocrx_word' id='word_1_53' title='bbox 137 1048 237 1089; x_wconf 91' lang='lat' dir='ltr'>sonum</span> <span class='ocrx_word' id='word_1_54' title='bbox 257 1039 318 1105; x_wconf 82' lang='lat' dir='ltr'>est,</span> <span class='ocrx_word' id='word_1_55' title='bbox 342 1029 419 1106; x_wconf 92' lang='lat' dir='ltr'>quod</span> <span class='ocrx_word' id='word_1_56' title='bbox 438 1030 551 1107; x_wconf 88' lang='lat' dir='ltr'>quidam</span> <span class='ocrx_word' id='word_1_57' title='bbox 570 1029 617 1088; x_wconf 92' lang='lat' dir='ltr'>bio</span> <span class='ocrx_word' id='word_1_58' title='bbox 632 1049 767 1091; x_wconf 87' lang='lat' dir='ltr'>uersuum</span> <span class='ocrx_word' id='word_1_59' title='bbox 788 1034 856 1092; x_wconf 93' lang='lat' dir='ltr'>nibil</span> <span class='ocrx_word' id='word_1_60' title='bbox 871 1035 984 1093; x_wconf 88' lang='lat' dir='ltr'>odorati</span> <span class='ocrx_word' id='word_1_61' title='bbox 1002 1034 1169 1112; x_wconf 78' lang='lat' dir='ltr'>pedestrem</span> <span class='ocrx_word' id='word_1_62' title='bbox 1181 1051 1246 1092; x_wconf 89' lang='lat' dir='ltr'>ora·</span> 
     </span>
     <span class='ocr_line' id='line_1_8' title="bbox 138 1137 566 1214; baseline -0.005 -19"><span class='ocrx_word' id='word_1_63' title='bbox 138 1138 244 1195; x_wconf 90' lang='lat' dir='ltr'>tionem</span> <span class='ocrx_word' id='word_1_64' title='bbox 269 1154 336 1195; x_wconf 89' lang='lat' dir='ltr'>esse</span> <span class='ocrx_word' id='word_1_65' title='bbox 358 1137 467 1214; x_wconf 88' lang='lat' dir='ltr'>opinati</span> <span class='ocrx_word' id='word_1_66' title='bbox 491 1144 566 1194; x_wconf 88' lang='lat' dir='ltr'>sunt.</span> 
     </span>
    </p>

    <p class='ocr_par' dir='ltr' id='par_1_3' title="bbox 52 1240 1248 4282">
     <span class='ocr_line' id='line_1_9' title="bbox 223 1240 1246 1326; baseline 0.004 -26"><span class='ocrx_word' id='word_1_67' title='bbox 223 1241 301 1302; x_wconf 92' lang='lat' dir='ltr'>lnter</span> <span class='ocrx_word' id='word_1_68' title='bbox 324 1244 403 1319; x_wconf 90' lang='lat' dir='ltr'>ipsas</span> <span class='ocrx_word' id='word_1_69' title='bbox 426 1241 508 1299; x_wconf 88' lang='lat' dir='ltr'>Ennii</span> <span class='ocrx_word' id='word_1_70' title='bbox 533 1240 672 1320; x_wconf 90' lang='lat' dir='ltr'>rellquias</span> <span class='ocrx_word' id='word_1_71' title='bbox 698 1247 760 1304; x_wconf 90' lang='lat' dir='ltr'>iure</span> <span class='ocrx_word' id='word_1_72' title='bbox 783 1264 849 1306; x_wconf 88' lang='lat' dir='ltr'>meo</span> <span class='ocrx_word' id='word_1_73' title='bbox 872 1249 977 1326; x_wconf 83' lang='lat' dir='ltr'>opinor</span> <span class='ocrx_word' id='word_1_74' title='bbox 1000 1265 1016 1306; x_wconf 90' lang='lat' dir='ltr'>a</span> <span class='ocrx_word' id='word_1_75' title='bbox 1039 1245 1134 1306; x_wconf 89' lang='lat' dir='ltr'>Gellio</span> <span class='ocrx_word' id='word_1_76' title='bbox 1157 1243 1246 1304; x_wconf 80' lang='lat'>1129</span> 
     </span>
     <span class='ocr_line' id='line_1_10' title="bbox 138 1347 1248 1433; baseline 0 -25"><span class='ocrx_word' id='word_1_77' title='bbox 138 1349 270 1408; x_wconf 87' lang='lat' dir='ltr'>traditam</span> <span class='ocrx_word' id='word_1_78' title='bbox 289 1348 401 1427; x_wconf 78' lang='lat' dir='ltr'>Aesopi</span> <span class='ocrx_word' id='word_1_79' title='bbox 423 1347 547 1407; x_wconf 80' lang='lat' dir='ltr'>fabulam</span> <span class='ocrx_word' id='word_1_80' title='bbox 567 1354 668 1428; x_wconf 86' lang='lat' dir='ltr'>recepi</span> <span class='ocrx_word' id='word_1_81' title='bbox 691 1353 763 1429; x_wconf 89' lang='lat' dir='ltr'>(inc.</span> <span class='ocrx_word' id='word_1_82' title='bbox 787 1362 841 1412; x_wconf 90' lang='lat' dir='ltr'>sat.</span> <span class='ocrx_word' id='word_1_83' title='bbox 858 1353 931 1433; x_wconf 88' lang='lat' dir='ltr'>lV):</span> <span class='ocrx_word' id='word_1_84' title='bbox 956 1371 1039 1431; x_wconf 89' lang='lat' dir='ltr'>quam</span> <span class='ocrx_word' id='word_1_85' title='bbox 1058 1350 1109 1411; x_wconf 89' lang='lat' dir='ltr'>ille</span> <span class='ocrx_word' id='word_1_86' title='bbox 1132 1350 1168 1409; x_wconf 89' lang='lat' dir='ltr'>ab</span> <span class='ocrx_word' id='word_1_87' title='bbox 1190 1349 1248 1409; x_wconf 93' lang='lat' dir='ltr'>boc</span> 
     </span>
     <span class='ocr_line' id='line_1_11' title="bbox 139 1453 1248 1535; baseline 0.001 -21"><span class='ocrx_word' id='word_1_88' title='bbox 139 1463 226 1535; x_wconf 68' lang='lat' dir='ltr'>poeta</span> <span class='ocrx_word' id='word_1_89' title='bbox 246 1455 394 1532; x_wconf 89' lang='lat' dir='ltr'>quadratis</span> <span class='ocrx_word' id='word_1_90' title='bbox 416 1453 550 1513; x_wconf 90' lang='lat' dir='ltr'>uersibus</span> <span class='ocrx_word' id='word_1_91' title='bbox 574 1459 763 1535; x_wconf 82' lang='lat' dir='ltr'>compositam</span> <span class='ocrx_word' id='word_1_92' title='bbox 787 1459 881 1517; x_wconf 87' lang='lat' dir='ltr'>tradit.</span> <span class='ocrx_word' id='word_1_93' title='bbox 928 1459 1081 1519; x_wconf 89' lang='lat' dir='ltr'>Nimirum</span> <span class='ocrx_word' id='word_1_94' title='bbox 1105 1467 1152 1516; x_wconf 90' lang='lat' dir='ltr'>aut</span> <span class='ocrx_word' id='word_1_95' title='bbox 1174 1455 1248 1516; x_wconf 82' lang='lat' dir='ltr'>lallit</span> 
     </span>
     <span class='ocr_line' id='line_1_12' title="bbox 137 1558 1246 1638; baseline -0.002 -16"><span class='ocrx_word' id='word_1_96' title='bbox 137 1581 183 1622; x_wconf 91' lang='lat' dir='ltr'>me</span> <span class='ocrx_word' id='word_1_97' title='bbox 206 1579 309 1621; x_wconf 87' lang='lat' dir='ltr'>sensus</span> <span class='ocrx_word' id='word_1_98' title='bbox 338 1569 385 1618; x_wconf 91' lang='lat' dir='ltr'>aut</span> <span class='ocrx_word' id='word_1_99' title='bbox 406 1559 446 1618; x_wconf 96' lang='lat' dir='ltr'>ibi</span> <span class='ocrx_word' id='word_1_100' title='bbox 469 1558 581 1618; x_wconf 81' lang='lat' dir='ltr'>Gellius</span> <span class='ocrx_word' id='word_1_101' title='bbox 609 1559 781 1638; x_wconf 86' lang='lat' dir='ltr'>plusquam</span> <span class='ocrx_word' id='word_1_102' title='bbox 810 1570 1007 1636; x_wconf 79' lang='lat' dir='ltr'>argumentum</span> <span class='ocrx_word' id='word_1_103' title='bbox 1031 1563 1178 1621; x_wconf 80' lang='lat' dir='ltr'>Ennianos</span> <span class='ocrx_word' id='word_1_104' title='bbox 1202 1580 1246 1620; x_wconf 87' lang='lat' dir='ltr'>sa·</span> 
     </span>
     <span class='ocr_line' id='line_1_13' title="bbox 137 1661 1248 1746; baseline 0 -18"><span class='ocrx_word' id='word_1_105' title='bbox 137 1680 219 1728; x_wconf 87' lang='lat' dir='ltr'>turae</span> <span class='ocrx_word' id='word_1_106' title='bbox 242 1667 379 1726; x_wconf 90' lang='lat' dir='ltr'>seruauit.</span> <span class='ocrx_word' id='word_1_107' title='bbox 415 1661 486 1723; x_wconf 86' lang='lat' dir='ltr'>Cum</span> <span class='ocrx_word' id='word_1_108' title='bbox 509 1665 583 1723; x_wconf 89' lang='lat' dir='ltr'>enim</span> <span class='ocrx_word' id='word_1_109' title='bbox 605 1667 760 1724; x_wconf 86' lang='lat' dir='ltr'>narrationi</span> <span class='ocrx_word' id='word_1_110' title='bbox 783 1668 864 1744; x_wconf 92' lang='lat' dir='ltr'>ipsos</span> <span class='ocrx_word' id='word_1_111' title='bbox 887 1667 989 1743; x_wconf 90' lang='lat' dir='ltr'>quibus</span> <span class='ocrx_word' id='word_1_112' title='bbox 1012 1675 1101 1746; x_wconf 88' lang='lat' dir='ltr'>po&#39;e&#39;ta</span> <span class='ocrx_word' id='word_1_113' title='bbox 1123 1668 1248 1727; x_wconf 82' lang='lat' dir='ltr'>fabulam</span> 
     </span>
     <span class='ocr_line' id='line_1_14' title="bbox 138 1766 1247 1850; baseline -0.002 -15"><span class='ocrx_word' id='word_1_114' title='bbox 138 1766 315 1835; x_wconf 84' lang='lat' dir='ltr'>concluserit</span> <span class='ocrx_word' id='word_1_115' title='bbox 337 1789 442 1829; x_wconf 88' lang='lat' dir='ltr'>uersus</span> <span class='ocrx_word' id='word_1_116' title='bbox 465 1770 603 1846; x_wconf 68' lang='lat' dir='ltr'>subiciat‚</span> <span class='ocrx_word' id='word_1_117' title='bbox 626 1788 684 1829; x_wconf 93' lang='lat' dir='ltr'>non</span> <span class='ocrx_word' id='word_1_118' title='bbox 706 1780 760 1830; x_wconf 88' lang='lat' dir='ltr'>tarn</span> <span class='ocrx_word' id='word_1_119' title='bbox 784 1791 822 1831; x_wconf 84' lang='lat' dir='ltr'>eu</span> <span class='ocrx_word' id='word_1_120' title='bbox 844 1772 967 1850; x_wconf 83' lang='lat' dir='ltr'>Aesopo</span> <span class='ocrx_word' id='word_1_121' title='bbox 990 1793 1041 1835; x_wconf 86' lang='lat' dir='ltr'>sua</span> <span class='ocrx_word' id='word_1_122' title='bbox 1064 1776 1247 1834; x_wconf 88' lang='lat' dir='ltr'>conuertisse</span> 
     </span>
     <span class='ocr_line' id='line_1_15' title="bbox 137 1877 1248 1959; baseline 0.004 -22"><span class='ocrx_word' id='word_1_123' title='bbox 137 1898 221 1959; x_wconf 93' lang='lat' dir='ltr'>quam</span> <span class='ocrx_word' id='word_1_124' title='bbox 244 1877 327 1937; x_wconf 87' lang='lat' dir='ltr'>Ennii</span> <span class='ocrx_word' id='word_1_125' title='bbox 348 1895 465 1937; x_wconf 87' lang='lat' dir='ltr'>carmen</span> <span class='ocrx_word' id='word_1_126' title='bbox 486 1885 604 1936; x_wconf 88' lang='lat' dir='ltr'>secutus</span> <span class='ocrx_word' id='word_1_127' title='bbox 623 1879 810 1937; x_wconf 86' lang='lat' dir='ltr'>contexuisse</span> <span class='ocrx_word' id='word_1_128' title='bbox 832 1895 995 1937; x_wconf 89' lang='lat' dir='ltr'>sermonem</span> <span class='ocrx_word' id='word_1_129' title='bbox 1017 1882 1141 1941; x_wconf 89' lang='lat' dir='ltr'>uidetur.</span> <span class='ocrx_word' id='word_1_130' title='bbox 1161 1881 1248 1941; x_wconf 86' lang='lat' dir='ltr'>-Vte</span> 
     </span>
     <span class='ocr_line' id='line_1_16' title="bbox 138 1983 1248 2064; baseline 0 -19"><span class='ocrx_word' id='word_1_131' title='bbox 138 1991 226 2064; x_wconf 79' lang='lat' dir='ltr'>potita</span> <span class='ocrx_word' id='word_1_132' title='bbox 255 1983 339 2042; x_wconf 90' lang='lat' dir='ltr'>oolor</span> <span class='ocrx_word' id='word_1_133' title='bbox 367 1983 479 2061; x_wconf 89' lang='lat' dir='ltr'>quidam</span> <span class='ocrx_word' id='word_1_134' title='bbox 509 1984 684 2061; x_wconf 83' lang='lat' dir='ltr'>antiquitatis</span> <span class='ocrx_word' id='word_1_135' title='bbox 711 1985 876 2062; x_wconf 87' lang='lat' dir='ltr'>supersit,</span> <span class='ocrx_word' id='word_1_136' title='bbox 905 2003 989 2062; x_wconf 92' lang='lat' dir='ltr'>quem</span> <span class='ocrx_word' id='word_1_137' title='bbox 1008 1987 1057 2046; x_wconf 89' lang='lat' dir='ltr'>uel</span> <span class='ocrx_word' id='word_1_138' title='bbox 1079 1987 1133 2047; x_wconf 91' lang='lat' dir='ltr'>bae</span> <span class='ocrx_word' id='word_1_139' title='bbox 1157 2005 1248 2047; x_wconf 87' lang='lat' dir='ltr'>uoces</span> 
     </span>
     <span class='ocr_line' id='line_1_17' title="bbox 137 2089 1248 2167; baseline -0.001 -15"><span class='ocrx_word' id='word_1_140' title='bbox 137 2113 172 2152; x_wconf 91' lang='lat' dir='ltr'>ac</span> <span class='ocrx_word' id='word_1_141' title='bbox 193 2091 358 2150; x_wconf 87' lang='lat' dir='ltr'>locutiones</span> <span class='ocrx_word' id='word_1_142' title='bbox 381 2107 507 2165; x_wconf 79' lang='lat' dir='ltr'>arguere</span> <span class='ocrx_word' id='word_1_143' title='bbox 526 2089 693 2150; x_wconf 88' lang='lat' dir='ltr'>uideantur:</span> <span class='ocrx_word' id='word_1_144' title='bbox 713 2097 786 2165; x_wconf 85' lang='lat' dir='ltr'>pulli</span> <span class='ocrx_word' id='word_1_145' title='bbox 806 2097 1037 2166; x_wconf 70' lang='lat' dir='ltr'>mutuandi,</span> <span class='ocrx_word' id='word_1_146' title='bbox 1056 2098 1248 2167; x_wconf 81' lang='lat' dir='ltr'>trepiduli,</span> 
     </span>
     <span class='ocr_line' id='line_1_18' title="bbox 137 2200 1248 2269; baseline 0 -11"><span class='ocrx_word' id='word_1_147' title='bbox 137 2204 181 2258; x_wconf 84' lang='lat' dir='ltr'>die</span> <span class='ocrx_word' id='word_1_148' title='bbox 198 2202 328 2266; x_wconf 79' lang='lat' dir='ltr'>crastini,</span> <span class='ocrx_word' id='word_1_149' title='bbox 350 2201 459 2254; x_wconf 78' lang='lat' dir='ltr'>messim</span> <span class='ocrx_word' id='word_1_150' title='bbox 479 2200 553 2255; x_wconf 78' lang='lat' dir='ltr'>huuc</span> <span class='ocrx_word' id='word_1_151' title='bbox 576 2200 652 2255; x_wconf 70' lang='lat' dir='ltr'>nobas</span> <span class='ocrx_word' id='word_1_152' title='bbox 673 2202 818 2269; x_wconf 80' lang='lat' dir='ltr'>adiuuent,</span> <span class='ocrx_word' id='word_1_153' title='bbox 841 2202 911 2257; x_wconf 81' lang='lat' dir='ltr'>baec</span> <span class='ocrx_word' id='word_1_154' title='bbox 932 2202 979 2258; x_wconf 75' lang='lat' dir='ltr'>arbi</span> <span class='ocrx_word' id='word_1_155' title='bbox 997 2205 1041 2258; x_wconf 84' lang='lat' dir='ltr'>ille</span> <span class='ocrx_word' id='word_1_156' title='bbox 1062 2205 1132 2258; x_wconf 74' lang='lat' dir='ltr'>dixit</span> <span class='ocrx_word' id='word_1_157' title='bbox 1150 2209 1177 2258; x_wconf 87' lang='lat' dir='ltr'>et</span> <span class='ocrx_word' id='word_1_158' title='bbox 1192 2203 1248 2258; x_wconf 70' lang='lat' dir='ltr'>du-</span> 
     </span>
     <span class='ocr_line' id='line_1_19' title="bbox 137 2305 1248 2380; baseline 0.001 -17"><span class='ocrx_word' id='word_1_159' title='bbox 137 2310 232 2377; x_wconf 76' lang='lat' dir='ltr'>rescit,</span> <span class='ocrx_word' id='word_1_160' title='bbox 260 2306 438 2377; x_wconf 79' lang='lat' dir='ltr'>obsequibilis,</span> <span class='ocrx_word' id='word_1_161' title='bbox 466 2307 557 2376; x_wconf 84' lang='lat' dir='ltr'>primo</span> <span class='ocrx_word' id='word_1_162' title='bbox 580 2306 647 2373; x_wconf 83' lang='lat' dir='ltr'>luci,</span> <span class='ocrx_word' id='word_1_163' title='bbox 675 2308 769 2362; x_wconf 84' lang='lat' dir='ltr'>nidum</span> <span class='ocrx_word' id='word_1_164' title='bbox 798 2311 934 2380; x_wconf 80' lang='lat' dir='ltr'>mipruuit.</span> <span class='ocrx_word' id='word_1_165' title='bbox 982 2305 1040 2364; x_wconf 90' lang='lat' dir='ltr'>Sed</span> <span class='ocrx_word' id='word_1_166' title='bbox 1063 2305 1138 2364; x_wconf 89' lang='lat' dir='ltr'>baec</span> <span class='ocrx_word' id='word_1_167' title='bbox 1165 2314 1248 2364; x_wconf 85' lang='lat' dir='ltr'>erunt</span> 
     </span>
     <span class='ocr_line' id='line_1_20' title="bbox 137 2406 1247 2489; baseline 0 -21"><span class='ocrx_word' id='word_1_168' title='bbox 137 2411 263 2469; x_wconf 77' lang='lat' dir='ltr'>fortasse</span> <span class='ocrx_word' id='word_1_169' title='bbox 287 2408 334 2485; x_wconf 92' lang='lat' dir='ltr'>qui</span> <span class='ocrx_word' id='word_1_170' title='bbox 355 2408 448 2485; x_wconf 90' lang='lat' dir='ltr'>ipsam</span> <span class='ocrx_word' id='word_1_171' title='bbox 467 2406 606 2483; x_wconf 82' lang='lat' dir='ltr'>Gellium,</span> <span class='ocrx_word' id='word_1_172' title='bbox 631 2427 716 2486; x_wconf 93' lang='lat' dir='ltr'>quem</span> <span class='ocrx_word' id='word_1_173' title='bbox 738 2411 913 2488; x_wconf 86' lang='lat' dir='ltr'>antiquitatis</span> <span class='ocrx_word' id='word_1_174' title='bbox 934 2411 1095 2487; x_wconf 87' lang='lat' dir='ltr'>robiginem</span> <span class='ocrx_word' id='word_1_175' title='bbox 1119 2411 1247 2489; x_wconf 87' lang='lat' dir='ltr'>inprimis</span> 
     </span>
     <span class='ocr_line' id='line_1_21' title="bbox 137 2516 1248 2595; baseline -0.001 -20"><span class='ocrx_word' id='word_1_176' title='bbox 137 2516 292 2575; x_wconf 90' lang='lat' dir='ltr'>deamasse</span> <span class='ocrx_word' id='word_1_177' title='bbox 320 2519 450 2585; x_wconf 81' lang='lat' dir='ltr'>constat,</span> <span class='ocrx_word' id='word_1_178' title='bbox 484 2529 500 2569; x_wconf 94' lang='lat' dir='ltr'>e</span> <span class='ocrx_word' id='word_1_179' title='bbox 533 2531 585 2571; x_wconf 89' lang='lat' dir='ltr'>suo</span> <span class='ocrx_word' id='word_1_180' title='bbox 614 2517 791 2593; x_wconf 88' lang='lat' dir='ltr'>antiquarum</span> <span class='ocrx_word' id='word_1_181' title='bbox 826 2517 981 2577; x_wconf 89' lang='lat' dir='ltr'>dictionum</span> <span class='ocrx_word' id='word_1_182' title='bbox 1002 2535 1079 2595; x_wconf 87' lang='lat' dir='ltr'>penu</span> <span class='ocrx_word' id='word_1_183' title='bbox 1102 2517 1248 2594; x_wconf 86' lang='lat' dir='ltr'>sparsisse</span> 
     </span>
     <span class='ocr_line' id='line_1_22' title="bbox 139 2617 1248 2701; baseline -0.001 -21"><span class='ocrx_word' id='word_1_184' title='bbox 139 2622 303 2699; x_wconf 89' lang='lat' dir='ltr'>opinentur.</span> <span class='ocrx_word' id='word_1_185' title='bbox 349 2617 438 2676; x_wconf 85' lang='lat' dir='ltr'>Esto:</span> <span class='ocrx_word' id='word_1_186' title='bbox 462 2626 490 2676; x_wconf 89' lang='lat' dir='ltr'>at</span> <span class='ocrx_word' id='word_1_187' title='bbox 504 2619 570 2695; x_wconf 92' lang='lat' dir='ltr'>quid</span> <span class='ocrx_word' id='word_1_188' title='bbox 592 2619 687 2678; x_wconf 90' lang='lat' dir='ltr'>dicant</span> <span class='ocrx_word' id='word_1_189' title='bbox 710 2621 770 2697; x_wconf 82' lang='lat' dir='ltr'>itti,</span> <span class='ocrx_word' id='word_1_190' title='bbox 795 2625 819 2682; x_wconf 93' lang='lat' dir='ltr'>si</span> <span class='ocrx_word' id='word_1_191' title='bbox 840 2625 969 2701; x_wconf 90' lang='lat' dir='ltr'>ipsorum</span> <span class='ocrx_word' id='word_1_192' title='bbox 988 2640 1122 2680; x_wconf 87' lang='lat' dir='ltr'>uersuum</span> <span class='ocrx_word' id='word_1_193' title='bbox 1144 2621 1248 2699; x_wconf 89' lang='lat' dir='ltr'>quibus</span> 
     </span>
     <span class='ocr_line' id='line_1_23' title="bbox 137 2722 1248 2807; baseline 0 -21"><span class='ocrx_word' id='word_1_194' title='bbox 137 2727 211 2786; x_wconf 90' lang='lat' dir='ltr'>banc</span> <span class='ocrx_word' id='word_1_195' title='bbox 244 2724 369 2783; x_wconf 82' lang='lat' dir='ltr'>fabulam</span> <span class='ocrx_word' id='word_1_196' title='bbox 402 2722 511 2782; x_wconf 82' lang='lat' dir='ltr'>Ennius</span> <span class='ocrx_word' id='word_1_197' title='bbox 544 2727 693 2784; x_wconf 81' lang='lat' dir='ltr'>contexuit</span> <span class='ocrx_word' id='word_1_198' title='bbox 720 2728 859 2807; x_wconf 86' lang='lat' dir='ltr'>reliquias</span> <span class='ocrx_word' id='word_1_199' title='bbox 892 2730 1031 2806; x_wconf 88' lang='lat' dir='ltr'>quasdam</span> <span class='ocrx_word' id='word_1_200' title='bbox 1062 2745 1096 2785; x_wconf 91' lang='lat' dir='ltr'>ac</span> <span class='ocrx_word' id='word_1_201' title='bbox 1124 2726 1248 2802; x_wconf 79' lang='lat' dir='ltr'>uestigia</span> 
     </span>
     <span class='ocr_line' id='line_1_24' title="bbox 138 2826 1248 2906; baseline 0.001 -18"><span class='ocrx_word' id='word_1_202' title='bbox 138 2826 318 2890; x_wconf 80' lang='lat' dir='ltr'>ostendero?</span> <span class='ocrx_word' id='word_1_203' title='bbox 347 2827 420 2888; x_wconf 88' lang='lat' dir='ltr'>Nam</span> <span class='ocrx_word' id='word_1_204' title='bbox 441 2830 507 2889; x_wconf 91' lang='lat' dir='ltr'>uide</span> <span class='ocrx_word' id='word_1_205' title='bbox 535 2849 600 2889; x_wconf 91' lang='lat' dir='ltr'>num</span> <span class='ocrx_word' id='word_1_206' title='bbox 624 2849 708 2889; x_wconf 85' lang='lat' dir='ltr'>meae</span> <span class='ocrx_word' id='word_1_207' title='bbox 739 2851 784 2891; x_wconf 92' lang='lat' dir='ltr'>me</span> <span class='ocrx_word' id='word_1_208' title='bbox 808 2852 894 2892; x_wconf 89' lang='lat' dir='ltr'>aures</span> <span class='ocrx_word' id='word_1_209' title='bbox 924 2833 1101 2906; x_wconf 79' lang='lat' dir='ltr'>fefellerint,</span> <span class='ocrx_word' id='word_1_210' title='bbox 1134 2850 1197 2890; x_wconf 91' lang='lat' dir='ltr'>cum</span> <span class='ocrx_word' id='word_1_211' title='bbox 1220 2833 1248 2889; x_wconf 91' lang='lat' dir='ltr'>in</span> 
     </span>
     <span class='ocr_line' id='line_1_25' title="bbox 137 2938 1243 3014; baseline 0 -18"><span class='ocrx_word' id='word_1_212' title='bbox 137 2938 182 2997; x_wconf 80' lang='lat' dir='ltr'>liis</span> <span class='ocrx_word' id='word_1_213' title='bbox 205 2944 380 3014; x_wconf 86' lang='lat' dir='ltr'>quaesunt:</span> <span class='ocrx_word' id='word_1_214' title='bbox 410 2939 437 2994; x_wconf 86' lang='lat' dir='ltr'>e&#39;t</span> <span class='ocrx_word' id='word_1_215' title='bbox 457 2955 556 2994; x_wconf 76' lang='lat' dir='ltr'>monus</span> <span class='ocrx_word' id='word_1_216' title='bbox 576 2943 631 2994; x_wconf 86' lang='lat' dir='ltr'>ium</span> <span class='ocrx_word' id='word_1_217' title='bbox 653 2943 814 3011; x_wconf 76' lang='lat' dir='ltr'>pc&#39;atulure:</span> <span class='ocrx_word' id='word_1_218' title='bbox 839 2941 947 2997; x_wconf 78' lang='lat' dir='ltr'>me&#39;csim</span> <span class='ocrx_word' id='word_1_219' title='bbox 968 2942 1042 2996; x_wconf 82' lang='lat' dir='ltr'>tunc</span> <span class='ocrx_word' id='word_1_220' title='bbox 1069 2941 1146 2995; x_wconf 67' lang='lat' dir='ltr'>uobis</span> <span class='ocrx_word' id='word_1_221' title='bbox 1168 2938 1243 2996; x_wconf 82' lang='lat' dir='ltr'>cidiu</span> 
     </span>
     <span class='ocr_line' id='line_1_26' title="bbox 136 3041 1248 3115; baseline -0.004 -13"><span class='ocrx_word' id='word_1_222' title='bbox 136 3052 216 3107; x_wconf 84' lang='lat' dir='ltr'>ueui;</span> <span class='ocrx_word' id='word_1_223' title='bbox 246 3041 336 3099; x_wconf 65' lang='lat' dir='ltr'>aidum</span> <span class='ocrx_word' id='word_1_224' title='bbox 364 3047 434 3101; x_wconf 84' lang='lat' dir='ltr'>dicto</span> <span class='ocrx_word' id='word_1_225' title='bbox 454 3043 613 3100; x_wconf 82' lang='lat' dir='ltr'>oboe&#39;diout:</span> <span class='ocrx_word' id='word_1_226' title='bbox 634 3050 654 3100; x_wconf 86' lang='lat' dir='ltr'>it</span> <span class='ocrx_word' id='word_1_227' title='bbox 671 3045 729 3101; x_wconf 75' lang='lat' dir='ltr'>dies</span> <span class='ocrx_word' id='word_1_228' title='bbox 750 3052 777 3101; x_wconf 88' lang='lat' dir='ltr'>et</span> <span class='ocrx_word' id='word_1_229' title='bbox 795 3048 878 3100; x_wconf 86' lang='lat' dir='ltr'>amici</span> <span class='ocrx_word' id='word_1_230' title='bbox 896 3047 968 3100; x_wconf 64' lang='lat' dir='ltr'>uultu·</span> <span class='ocrx_word' id='word_1_231' title='bbox 985 3052 1081 3106; x_wconf 78' lang='lat' dir='ltr'>eruut.-</span> <span class='ocrx_word' id='word_1_232' title='bbox 1101 3044 1154 3115; x_wconf 85' lang='lat' dir='ltr'>fiet</span> <span class='ocrx_word' id='word_1_233' title='bbox 1174 3060 1248 3099; x_wconf 85' lang='lat' dir='ltr'>nuuc</span> 
     </span>
     <span class='ocr_line' id='line_1_27' title="bbox 137 3150 1247 3223; baseline -0.001 -17"><span class='ocrx_word' id='word_1_234' title='bbox 137 3151 218 3206; x_wconf 78' lang='lat' dir='ltr'>dubio</span> <span class='ocrx_word' id='word_1_235' title='bbox 233 3154 351 3220; x_wconf 80' lang='lat' dir='ltr'>procul.-</span> <span class='ocrx_word' id='word_1_236' title='bbox 371 3153 426 3207; x_wconf 84' lang='lat' dir='ltr'>ndu</span> <span class='ocrx_word' id='word_1_237' title='bbox 447 3156 561 3206; x_wconf 86' lang='lat' dir='ltr'>metetur</span> <span class='ocrx_word' id='word_1_238' title='bbox 583 3151 671 3223; x_wconf 85' lang='lat' dir='ltr'>ue&#39;que</span> <span class='ocrx_word' id='word_1_239' title='bbox 690 3159 859 3208; x_wconf 78' lang='lat' dir='ltr'>necessumst</span> <span class='ocrx_word' id='word_1_240' title='bbox 878 3151 958 3205; x_wconf 83' lang='lat' dir='ltr'>lrddie</span> <span class='ocrx_word' id='word_1_241' title='bbox 978 3153 1019 3204; x_wconf 86' lang='lat' dir='ltr'>uti</span> <span class='ocrx_word' id='word_1_242' title='bbox 1038 3167 1088 3207; x_wconf 77' lang='lat' dir='ltr'>uos</span> <span class='ocrx_word' id='word_1_243' title='bbox 1106 3150 1247 3222; x_wconf 80' lang='lat' dir='ltr'>auferam,</span> 
     </span>
     <span class='ocr_line' id='line_1_28' title="bbox 137 3252 1247 3331; baseline -0.002 -20"><span class='ocrx_word' id='word_1_244' title='bbox 137 3271 201 3312; x_wconf 92' lang='lat' dir='ltr'>curu</span> <span class='ocrx_word' id='word_1_245' title='bbox 224 3253 253 3311; x_wconf 91' lang='lat' dir='ltr'>in</span> <span class='ocrx_word' id='word_1_246' title='bbox 272 3253 316 3311; x_wconf 91' lang='lat' dir='ltr'>bis</span> <span class='ocrx_word' id='word_1_247' title='bbox 332 3253 420 3330; x_wconf 80' lang='lat' dir='ltr'>igitur</span> <span class='ocrx_word' id='word_1_248' title='bbox 441 3255 550 3311; x_wconf 93' lang='lat' dir='ltr'>nurneri</span> <span class='ocrx_word' id='word_1_249' title='bbox 570 3254 702 3331; x_wconf 88' lang='lat' dir='ltr'>quiddam</span> <span class='ocrx_word' id='word_1_250' title='bbox 721 3255 861 3314; x_wconf 91' lang='lat' dir='ltr'>trochaici</span> <span class='ocrx_word' id='word_1_251' title='bbox 881 3254 948 3312; x_wconf 89' lang='lat' dir='ltr'>mibi</span> <span class='ocrx_word' id='word_1_252' title='bbox 970 3254 1049 3312; x_wconf 89' lang='lat' dir='ltr'>uisus</span> <span class='ocrx_word' id='word_1_253' title='bbox 1071 3271 1131 3311; x_wconf 92' lang='lat' dir='ltr'>sum</span> <span class='ocrx_word' id='word_1_254' title='bbox 1152 3252 1247 3330; x_wconf 90' lang='lat' dir='ltr'>perci·</span> 
     </span>
     <span class='ocr_line' id='line_1_29' title="bbox 138 3358 1247 3438; baseline 0 -22"><span class='ocrx_word' id='word_1_255' title='bbox 138 3376 226 3436; x_wconf 91' lang='lat' dir='ltr'>pere:</span> <span class='ocrx_word' id='word_1_256' title='bbox 255 3366 343 3436; x_wconf 91' lang='lat' dir='ltr'>atque</span> <span class='ocrx_word' id='word_1_257' title='bbox 371 3358 445 3434; x_wconf 85' lang='lat' dir='ltr'>baec</span> <span class='ocrx_word' id='word_1_258' title='bbox 467 3378 504 3418; x_wconf 93' lang='lat' dir='ltr'>ue</span> <span class='ocrx_word' id='word_1_259' title='bbox 527 3358 654 3418; x_wconf 93' lang='lat' dir='ltr'>litterula</span> <span class='ocrx_word' id='word_1_260' title='bbox 682 3361 795 3438; x_wconf 88' lang='lat' dir='ltr'>quidem</span> <span class='ocrx_word' id='word_1_261' title='bbox 826 3362 962 3419; x_wconf 89' lang='lat' dir='ltr'>inmutata</span> <span class='ocrx_word' id='word_1_262' title='bbox 985 3379 1018 3419; x_wconf 89' lang='lat' dir='ltr'>se</span> <span class='ocrx_word' id='word_1_263' title='bbox 1047 3359 1247 3438; x_wconf 85' lang='lat' dir='ltr'>prodiderunt,</span> 
     </span>
     <span class='ocr_line' id='line_1_30' title="bbox 139 3463 1247 3544; baseline 0 -21"><span class='ocrx_word' id='word_1_264' title='bbox 139 3464 212 3523; x_wconf 91' lang='lat' dir='ltr'>unde</span> <span class='ocrx_word' id='word_1_265' title='bbox 244 3463 268 3520; x_wconf 88' lang='lat' dir='ltr'>si</span> <span class='ocrx_word' id='word_1_266' title='bbox 302 3463 451 3541; x_wconf 79' lang='lat' dir='ltr'>proticisci</span> <span class='ocrx_word' id='word_1_267' title='bbox 487 3465 572 3540; x_wconf 80' lang='lat' dir='ltr'>licet,</span> <span class='ocrx_word' id='word_1_268' title='bbox 607 3467 732 3544; x_wconf 90' lang='lat' dir='ltr'>procliui</span> <span class='ocrx_word' id='word_1_269' title='bbox 767 3466 971 3526; x_wconf 86' lang='lat' dir='ltr'>emendatione</span> <span class='ocrx_word' id='word_1_270' title='bbox 1006 3465 1133 3525; x_wconf 88' lang='lat' dir='ltr'>adbibita</span> <span class='ocrx_word' id='word_1_271' title='bbox 1171 3465 1247 3525; x_wconf 92' lang='lat' dir='ltr'>aliae</span> 
     </span>
     <span class='ocr_line' id='line_1_31' title="bbox 139 3571 1247 3649; baseline -0.001 -19"><span class='ocrx_word' id='word_1_272' title='bbox 139 3571 269 3630; x_wconf 87' lang='lat' dir='ltr'>eiusdem</span> <span class='ocrx_word' id='word_1_273' title='bbox 289 3571 399 3628; x_wconf 90' lang='lat' dir='ltr'>numeri</span> <span class='ocrx_word' id='word_1_274' title='bbox 423 3571 583 3648; x_wconf 90' lang='lat' dir='ltr'>particulae</span> <span class='ocrx_word' id='word_1_275' title='bbox 608 3581 774 3649; x_wconf 80' lang='lat' dir='ltr'>emergunt,</span> <span class='ocrx_word' id='word_1_276' title='bbox 805 3572 868 3631; x_wconf 90' lang='lat' dir='ltr'>nel:</span> <span class='ocrx_word' id='word_1_277' title='bbox 898 3576 949 3631; x_wconf 79' lang='lat' dir='ltr'>ude</span> <span class='ocrx_word' id='word_1_278' title='bbox 971 3577 1049 3631; x_wconf 86' lang='lat' dir='ltr'>modo</span> <span class='ocrx_word' id='word_1_279' title='bbox 1070 3576 1122 3631; x_wconf 83' lang='lat' dir='ltr'>boc</span> <span class='ocrx_word' id='word_1_280' title='bbox 1144 3574 1247 3630; x_wconf 74' lang='lat' dir='ltr'>aduer-</span> 
     </span>
     <span class='ocr_line' id='line_1_32' title="bbox 137 3679 1248 3753; baseline -0.003 -16"><span class='ocrx_word' id='word_1_281' title='bbox 137 3685 197 3743; x_wconf 80' lang='lat' dir='ltr'>tite‚·</span> <span class='ocrx_word' id='word_1_282' title='bbox 218 3683 244 3734; x_wconf 80' lang='lat' dir='ltr'>si</span> <span class='ocrx_word' id='word_1_283' title='bbox 259 3679 327 3752; x_wconf 82' lang='lat' dir='ltr'>quid</span> <span class='ocrx_word' id='word_1_284' title='bbox 346 3679 453 3734; x_wconf 87' lang='lat' dir='ltr'>dicetur</span> <span class='ocrx_word' id='word_1_285' title='bbox 474 3679 579 3742; x_wconf 86' lang='lat' dir='ltr'>de&#39;uuo,·</span> <span class='ocrx_word' id='word_1_286' title='bbox 601 3682 632 3737; x_wconf 78' lang='lat' dir='ltr'>ait</span> <span class='ocrx_word' id='word_1_287' title='bbox 651 3684 706 3736; x_wconf 85' lang='lat' dir='ltr'>ium</span> <span class='ocrx_word' id='word_1_288' title='bbox 727 3683 816 3735; x_wconf 82' lang='lat' dir='ltr'>statim</span> <span class='ocrx_word' id='word_1_289' title='bbox 835 3683 971 3753; x_wconf 79' lang='lat' dir='ltr'>properet</span> <span class='ocrx_word' id='word_1_290' title='bbox 984 3685 1065 3753; x_wconf 85' lang='lat' dir='ltr'>inque</span> <span class='ocrx_word' id='word_1_291' title='bbox 1085 3681 1170 3735; x_wconf 84' lang='lat' dir='ltr'>ulium</span> <span class='ocrx_word' id='word_1_292' title='bbox 1186 3693 1248 3734; x_wconf 75' lang='lat' dir='ltr'>sese</span> 
     </span>
     <span class='ocr_line' id='line_1_33' title="bbox 137 3778 1246 3859; baseline -0.004 -17"><span class='ocrx_word' id='word_1_293' title='bbox 137 3786 262 3859; x_wconf 79' lang='lat' dir='ltr'>asportet</span> <span class='ocrx_word' id='word_1_294' title='bbox 278 3788 380 3841; x_wconf 86' lang='lat' dir='ltr'>locum:</span> <span class='ocrx_word' id='word_1_295' title='bbox 404 3782 469 3841; x_wconf 93' lang='lat' dir='ltr'>alia.</span> <span class='ocrx_word' id='word_1_296' title='bbox 516 3781 643 3854; x_wconf 83' lang='lat' dir='ltr'>Quorum</span> <span class='ocrx_word' id='word_1_297' title='bbox 661 3791 690 3841; x_wconf 89' lang='lat' dir='ltr'>ut</span> <span class='ocrx_word' id='word_1_298' title='bbox 712 3781 781 3840; x_wconf 89' lang='lat' dir='ltr'>nibil</span> <span class='ocrx_word' id='word_1_299' title='bbox 803 3800 835 3840; x_wconf 94' lang='lat' dir='ltr'>re</span> <span class='ocrx_word' id='word_1_300' title='bbox 854 3800 924 3840; x_wconf 87' lang='lat' dir='ltr'>uera</span> <span class='ocrx_word' id='word_1_301' title='bbox 947 3783 1002 3841; x_wconf 88' lang='lat' dir='ltr'>bac</span> <span class='ocrx_word' id='word_1_302' title='bbox 1022 3783 1124 3859; x_wconf 86' lang='lat' dir='ltr'>specie</span> <span class='ocrx_word' id='word_1_303' title='bbox 1145 3782 1173 3838; x_wconf 93' lang='lat' dir='ltr'>in</span> <span class='ocrx_word' id='word_1_304' title='bbox 1190 3778 1246 3839; x_wconf 84' lang='lat' dir='ltr'>En·</span> 
     </span>
     <span class='ocr_line' id='line_1_34' title="bbox 137 3885 1246 3967; baseline -0.004 -21"><span class='ocrx_word' id='word_1_305' title='bbox 137 3888 175 3946; x_wconf 90' lang='lat' dir='ltr'>uii</span> <span class='ocrx_word' id='word_1_306' title='bbox 200 3894 297 3946; x_wconf 86' lang='lat' dir='ltr'>satura</span> <span class='ocrx_word' id='word_1_307' title='bbox 311 3885 407 3959; x_wconf 83' lang='lat' dir='ltr'>luerit,</span> <span class='ocrx_word' id='word_1_308' title='bbox 432 3894 526 3945; x_wconf 89' lang='lat' dir='ltr'>tamen</span> <span class='ocrx_word' id='word_1_309' title='bbox 549 3896 591 3946; x_wconf 91' lang='lat' dir='ltr'>tot</span> <span class='ocrx_word' id='word_1_310' title='bbox 614 3889 747 3967; x_wconf 85' lang='lat' dir='ltr'>dispersa</span> <span class='ocrx_word' id='word_1_311' title='bbox 768 3888 795 3944; x_wconf 91' lang='lat' dir='ltr'>in</span> <span class='ocrx_word' id='word_1_312' title='bbox 817 3904 871 3944; x_wconf 88' lang='lat' dir='ltr'>una</span> <span class='ocrx_word' id='word_1_313' title='bbox 890 3889 1054 3947; x_wconf 91' lang='lat' dir='ltr'>narratione</span> <span class='ocrx_word' id='word_1_314' title='bbox 1075 3885 1158 3946; x_wconf 90' lang='lat' dir='ltr'>metri</span> <span class='ocrx_word' id='word_1_315' title='bbox 1179 3903 1246 3943; x_wconf 86' lang='lat' dir='ltr'>uos·</span> 
     </span>
     <span class='ocr_line' id='line_1_35' title="bbox 52 3978 1161 4071; baseline -0.005 -21"><span class='ocrx_word' id='word_1_316' title='bbox 52 3978 58 3988; x_wconf 70' lang='grc'><strong><em>’</em></strong></span> <span class='ocrx_word' id='word_1_317' title='bbox 137 3993 207 4068; x_wconf 78' lang='lat' dir='ltr'>ligia</span> <span class='ocrx_word' id='word_1_318' title='bbox 229 4007 287 4050; x_wconf 92' lang='lat' dir='ltr'>non</span> <span class='ocrx_word' id='word_1_319' title='bbox 308 3991 402 4069; x_wconf 87' lang='lat' dir='ltr'>aptius</span> <span class='ocrx_word' id='word_1_320' title='bbox 425 3993 519 4068; x_wconf 91' lang='lat' dir='ltr'>repeti</span> <span class='ocrx_word' id='word_1_321' title='bbox 541 4010 624 4069; x_wconf 88' lang='lat' dir='ltr'>quam</span> <span class='ocrx_word' id='word_1_322' title='bbox 647 4011 684 4052; x_wconf 86' lang='lat' dir='ltr'>ex</span> <span class='ocrx_word' id='word_1_323' title='bbox 703 3993 766 4071; x_wconf 91' lang='lat' dir='ltr'>ipsa</span> <span class='ocrx_word' id='word_1_324' title='bbox 790 3991 873 4051; x_wconf 87' lang='lat' dir='ltr'>Ennii</span> <span class='ocrx_word' id='word_1_325' title='bbox 897 3993 982 4069; x_wconf 80' lang='lat' dir='ltr'>polisi</span> <span class='ocrx_word' id='word_1_326' title='bbox 1005 3990 1161 4050; x_wconf 89' lang='lat' dir='ltr'>concedes.</span> 
     </span>
     <span class='ocr_line' id='line_1_36' title="bbox 139 4094 1246 4174; baseline -0.002 -20"><span class='ocrx_word' id='word_1_327' title='bbox 139 4136 142 4141; x_wconf 28' lang='grc' dir='ltr'><strong><em>ι</em></strong></span> <span class='ocrx_word' id='word_1_328' title='bbox 223 4095 357 4174; x_wconf 88' lang='lat' dir='ltr'>Denique</span> <span class='ocrx_word' id='word_1_329' title='bbox 381 4098 409 4154; x_wconf 92' lang='lat' dir='ltr'>in</span> <span class='ocrx_word' id='word_1_330' title='bbox 431 4097 550 4156; x_wconf 87' lang='lat' dir='ltr'>incertis</span> <span class='ocrx_word' id='word_1_331' title='bbox 572 4107 732 4157; x_wconf 86' lang='lat' dir='ltr'>saturarum</span> <span class='ocrx_word' id='word_1_332' title='bbox 752 4098 833 4157; x_wconf 90' lang='lat' dir='ltr'>libris</span> <span class='ocrx_word' id='word_1_333' title='bbox 853 4115 957 4156; x_wconf 89' lang='lat' dir='ltr'>uersus</span> <span class='ocrx_word' id='word_1_334' title='bbox 976 4094 1115 4174; x_wconf 88' lang='lat' dir='ltr'>quosdam</span> <span class='ocrx_word' id='word_1_335' title='bbox 1144 4112 1246 4153; x_wconf 87' lang='lat' dir='ltr'>recen·</span> 
     </span>
     <span class='ocr_line' id='line_1_37' title="bbox 138 4200 1246 4282; baseline 0 -21"><span class='ocrx_word' id='word_1_336' title='bbox 138 4200 199 4276; x_wconf 87' lang='lat' dir='ltr'>sui,</span> <span class='ocrx_word' id='word_1_337' title='bbox 226 4217 347 4281; x_wconf 90' lang='lat' dir='ltr'>qnorum</span> <span class='ocrx_word' id='word_1_338' title='bbox 368 4211 489 4263; x_wconf 86' lang='lat' dir='ltr'>metrum</span> <span class='ocrx_word' id='word_1_339' title='bbox 511 4219 568 4265; x_wconf 92' lang='lat' dir='ltr'>non</span> <span class='ocrx_word' id='word_1_340' title='bbox 595 4202 734 4264; x_wconf 88' lang='lat' dir='ltr'>abhorret</span> <span class='ocrx_word' id='word_1_341' title='bbox 754 4203 791 4263; x_wconf 89' lang='lat' dir='ltr'>ab</span> <span class='ocrx_word' id='word_1_342' title='bbox 813 4204 983 4278; x_wconf 83' lang='lat' dir='ltr'>annalibus,</span> <span class='ocrx_word' id='word_1_343' title='bbox 1007 4201 1059 4261; x_wconf 88' lang='lat' dir='ltr'>sed</span> <span class='ocrx_word' id='word_1_344' title='bbox 1082 4219 1157 4282; x_wconf 91' lang='lat' dir='ltr'>quae</span> <span class='ocrx_word' id='word_1_345' title='bbox 1179 4218 1246 4261; x_wconf 86' lang='lat' dir='ltr'>seu·</span> 
     </span>
    </p>
   </div>
   <div class='ocr_carea' id='block_1_3' title="bbox 0 0 1470 4942">
    <p class='ocr_par' dir='ltr' id='par_1_4' title="bbox 0 0 1470 4942">
     <span class='ocr_line' id='line_1_38' title="bbox 0 0 1470 4942; baseline 0 0"><span class='ocrx_word' id='word_1_346' title='bbox 0 0 1470 4942; x_wconf 95' lang='lat' dir='ltr'> </span> 
     </span>
    </p>
   </div>
  </div>
 </body>
</html>
