2932 4942
591 325 946 384 'IRAGOEDIARVM

697 488 829 562 vulti*

659 611 869 703 Agamemno

221 724 283 785 265
312 714 396 806 'Ego
422 714 604 805 proiector,
632 714 722 807 quod
751 719 786 784 tu
811 735 947 806 peccas:
980 715 1015 784 tri
1046 715 1225 810 delinquis,
1253 739 1320 809 ego

872 818 1021 910 nrguor?

310 923 377 992 Pro
395 921 576 992 malefactis
595 922 723 994 Helena
741 924 870 1007 redeat,
893 922 991 1014 uirgo
1008 925 1122 1014 pereat
1141 921 1321 991 innocens?

311 1027 383 1096 Tria
401 1025 629 1097 reconcilietur
646 1049 748 1111 uxor,
776 1024 851 1096 mea
870 1028 1007 1096 necetur
1026 1025 1118 1095 filia?

785 1159 802 1197 s

310 1278 380 1453 ffiop
400 1268 512 1395 reduci
531 1278 630 1372 quiam
650 1162 807 1372 refingit,
832 1279 950 1351 deuehi
972 1303 1070 1375 quam
1090 1280 1199 1350 deseri

345 1404 365 1451 a
378 1405 421 1451 ur.

716 1484 748 1554 X
764 1482 806 1521 Η

223 1609 286 1671 270
313 1601 381 1670 Iam
401 1599 636 1672 domuitionem
658 1601 759 1694 reges
779 1601 918 1673 Atridae
937 1604 1064 1694 parant.

207 1803 373 1853 nuntiatione.
404 1804 501 1853 Ennius
514 1804 540 1852 in
554 1803 691 1870 Iphigenia
708 1805 762 1854 ...⁹
832 1805 894 1855 VIII
913 1803 1062 1853 Rufinianus
1076 1800 1140 1853 ibid.
1155 1801 1171 1864 S
1184 1799 1217 1849 37
1231 1815 1256 1865 p.
1270 1802 1322 1851 222

207 1872 309 1922 nuum.
331 1874 471 1938 ‘syncrisis
490 1873 546 1924 siue
556 1872 710 1935 antithesis,
732 1876 889 1941 comparatio
908 1888 993 1923 rerum
1008 1879 1084 1935 atque
1095 1883 1264 1937 personarum
1282 1871 1321 1918 in-

207 1954 245 1992 ter
258 1959 287 1992 se
301 1945 497 2004 contrariarum,
517 1951 558 1993 ut:
578 1945 639 2010 ego'
659 1961 682 1994 e.
699 1960 723 2008 q.
738 1960 760 1995 s.
796 1945 851 1994 Huc
868 1944 946 1995 refert
965 1942 1090 1993 Columna
1159 1939 1196 1988 lx
1217 1939 1321 1989 Diome-

207 2012 253 2063 des
275 2013 297 2061 lI
319 2010 416 2080 p.'441
436 2014 464 2063 P.
491 2005 734 2077 ‘ipocosiieccon'
758 2014 889 2065 CharisIus
908 2015 944 2063 IV
968 2028 994 2078 p·
1015 2011 1064 2062 251
1088 2012 1116 2060 Ρ.
1140 2007 1322 2087 (1571555.)

208 2071 451 2146 “ὁμοιοτέλευτον’
473 2083 587 2132 Donatus
601 2083 633 2133 de
648 2084 820 2148 schematibus
834 2100 861 2151 p.
880 2085 947 2135 1774
958 2082 987 2132 Ρ.
1009 2081 1057 2147 (32
1068 2076 1159 2143 Lind.)
1181 2073 1321 2142 ‘opnione'-

207 2151 318 2202 ieucov’
349 2154 420 2204 Beda
437 2153 464 2201 in
477 2153 551 2203 Rhet.
567 2153 622 2202 Lat.
637 2153 704 2202 Pith.
720 2169 747 2219 p.
761 2153 813 2206 345
833 2144 1071 2218 ‘doctore'ieuson'
1105 2148 1216 2198 Ennium
1235 2156 1322 2197 aucto·
1403 2205 1406 2209 ,

208 2238 261 2272 τοττι
280 2221 394 2288 appellat
413 2221 484 2272 solus
499 2222 652 2281 Diomedes;
674 2223 805 2274 Ennianse
817 2224 969 2290 Iphigeniae
986 2220 1100 2271 attribuit
1117 2217 1146 2269 Ο.
1164 2216 1322 2267 Iiibbechius

207 2291 545 2342 solanniacensis
615 2291 640 2340 Χ
658 2291 733 2342 Rhet.
752 2293 786 2343 ad
799 2293 955 2344 Herennium
969 2292 1005 2340 III
1019 2290 1063 2351 21,
1079 2288 1113 2339 34
1138 2290 1146 2314 ⁴
1153 2302 1211 2336 cum
1229 2289 1322 2337 uerbo-

207 2377 264 2410 rum
281 2361 464 2410 similitudines
478 2360 634 2427 imaginibus
648 2363 793 2426 exprimere
809 2363 941 2423 nolemus,
960 2362 1019 2428 pius
1038 2358 1134 2426 negotii
1150 2358 1322 2422 suscipiemus

207 2439 232 2481 et
249 2431 332 2496 magis
352 2431 484 2495 ingenium
501 2438 615 2480 nostrum
636 2432 821 2481 exercebimus.
857 2433 886 2482 Id
900 2447 946 2482 nos
960 2431 1009 2482 hoc
1026 2428 1102 2479 modo
1118 2427 1203 2478 iacere
1221 2435 1322 2492 oporte-

208 2502 259 2550 bit:
279 2501 341 2549 iam
410 2509 537 2566 parant.
567 2502 596 2550 In
613 2501 696 2567 prImo
712 2500 768 2551 loco
782 2503 935 2555 constituere
952 2507 1051 2567 oportet
1065 2512 1156 2548 manus
1175 2497 1208 2546 ad
1223 2497 1321 2546 caelum

208 2569 339 2620 tollentem
351 2570 505 2630 Domitium,
526 2585 583 2619 cum
598 2570 730 2636 aregibus
743 2571 845 2622 Marciis
858 2573 920 2622 loris
940 2572 1068 2621 caedatur.
1106 2569 1160 2618 Hoc
1179 2567 1240 2616 erit:
1260 2567 1321 2616 iam

208 2640 445 2691 domuitionem
465 2656 567 2707 reges.
603 2640 631 2689 In
645 2639 725 2690 altero
741 2641 797 2691 Ioco
811 2643 972 2707 Aesopum
986 2648 1017 2690 et
1030 2638 1189 2690 Cimbrum
1206 2636 1322 2686 subor-

207 2709 507 2776 narelphigeniam
525 2709 617 2760 uelut
636 2718 771 2776 agentes
789 2711 1058 2778 Agamemnonem
1078 2715 1108 2757 et
1129 2705 1320 2757 Menelaum.
1355 2734 1359 2741 ·

111 2842 117 2851 x
207 2781 262 2832 IIoc
276 2780 337 2829 erit:
359 2779 491 2831 Atridae
505 2787 632 2846 parant.
657 2780 711 2830 Hoc
723 2781 800 2831 modo
814 2783 900 2831 omnia
914 2781 994 2831 uerba
1008 2785 1081 2829 erunt
1096 2776 1237 2842 expressa!
1264 2775 1323 2843 (Sic

208 2849 237 2908 0,
258 2849 424 2900 Ribbechius.
455 2849 638 2901 subornari
658 2858 689 2899 ut
707 2850 745 2900 ad
769 2850 982 2917 ephigeniam
1001 2849 1033 2898 in
1055 2860 1323 2914 agamemnonem

208 2927 239 2971 et
256 2918 436 2970 menelaum
455 2921 512 2971 Par.
532 2918 622 2970 Bamb.
639 2934 655 2968 a
675 2920 756 2980 Fris,
781 2921 831 2971 nisi
852 2921 921 2984 quod
942 2918 1099 2971 menalam
1122 2915 1187 2965 Fris.
1208 2916 1322 2965 subor-

207 2991 278 3041 nari
298 2997 331 3039 ut
354 2989 393 3040 ad
417 2987 628 3057 ephigeniam
650 2990 681 3038 in
704 3005 837 3056 agamen
863 2987 929 3040 riem
953 2991 978 3038 it
999 2986 1176 3039 menelaum
1197 2985 1321 3035 Wuerab.

208 3061 380 3111 subornari
399 3068 433 3109 ut
450 3060 503 3110 uei
519 3065 692 3126 uagantem
713 3060 921 3126 ephigenIam
941 3059 1046 3125 (ceteris
1060 3053 1177 3120 omissis)
1191 3055 1281 3105 Bamb.
1295 3055 1321 3105 5.

181 3152 184 3156 ·
208 3130 381 3181 subornari
404 3137 440 3178 ut
460 3131 501 3180 ad
522 3129 739 3195 ephygeniam
757 3129 979 3196 aduagantem
999 3139 1272 3194 agamemnonem
1292 3133 1323 3175 et

207 3196 392 3251 menelaum
413 3200 500 3250 Troes.
529 3199 704 3250 subornari
729 3206 761 3249 ut
788 3199 999 3266 ephigeniam
1020 3203 1196 3264 uagantem
1217 3193 1324 3262 (ceteris

251 3396 304 3451 265
327 3389 468 3461 delinquis
483 3387 649 3461 Stephanus.
665 3387 812 3460 deliuquas
832 3389 890 3444 ‘ed
904 3391 998 3445 uetus'
1084 3393 1114 3442 ut
1131 3403 1185 3459 ego
1206 3385 1322 3457 plectar,

209 3483 238 3533 tu
255 3475 420 3546 deiloquas3
445 3480 474 3528 tu
489 3489 603 3545 pecces,
619 3489 673 3544 ego
689 3470 811 3546 arguar?
825 3473 969 3530 Porsonus
982 3473 1082 3529 Trocts
1100 3471 1159 3539 555
1171 3473 1248 3526 misc.
1262 3472 1323 3525 crit.

204 3579 237 3636 p.
260 3564 313 3618 303
333 3559 417 3616 Kidd.
505 3553 629 3629 arguor?
649 3559 703 3612 Pro
725 3557 866 3632 Berpicius
886 3559 904 3614 l.
929 3559 947 3614 l.
966 3576 1000 3631 p.
1023 3556 1115 3614 XIII.
1146 3572 1251 3628 arguor
1271 3571 1322 3626 pro

208 3646 290 3717 uulgo
386 3644 439 3702 267
469 3657 532 3695 mea
559 3647 674 3696 necetur
698 3641 756 3698 filia
783 3643 923 3700 0515555.
949 3659 1013 3698 mea
1036 3647 1154 3714 negetur
1177 3639 1236 3695 fitia
1260 3656 1324 3694 mea

210 3729 267 3785 ‘esi
285 3729 377 3785 uetus'
463 3728 516 3783 268
536 3725 590 3781 hos
606 3725 749 3782 munem
834 3727 933 3783 reduci
952 3727 1092 3784 Diomedis
1108 3724 1172 3782 libri
1187 3743 1206 3780 5
1221 3724 1323 3781 Linde-

209 3831 311 3870 55555
326 3813 365 3869 ad
379 3809 463 3868 Char.
484 3810 503 3864 1.
517 3810 536 3865 l.
554 3811 646 3875 asciti,
669 3811 774 3867 Donati
786 3813 846 3868 cod.
863 3812 1049 3869 Santcaionus
1066 3829 1102 3870 m.
1120 3811 1183 3879 alt„
1207 3808 1327 3866 Chors'sii

210 3901 255 3957 cd.
261 3917 313 3972 pr.
329 3896 427 3954 seduci
445 3895 566 3953 Charisii
578 3895 640 3950 cod.
656 3895 759 3951 deduci
773 3898 848 3970 sulp.
861 3897 945 3953 Char.
961 3904 988 3954 et
998 3897 1088 3954 Dium.
1106 3894 1204 3952 reuehi
1222 3894 1327 3950 Donati

210 3985 271 4043 cod.
285 3983 364 4040 Sunt.
380 3999 417 4037 m.
427 3998 477 4054 pr.
564 3979 647 4034 deuei
664 3997 747 4052 quam
764 3980 858 4041 deseri
873 3982 944 4038 Por.
959 4000 977 4038 5
993 3981 1142 4038 Dmmedss.
1158 3979 1223 4035 deui
1240 3994 1323 4050 quam

212 4071 305 4127 deseri
329 4069 389 4125 cod.
411 4066 540 4124 Charisii.
562 4063 683 4137 denique
705 4065 799 4121 deseri
821 4067 865 4122 ed.
884 4084 936 4140 pr.
959 4066 1087 4124 discribi.
1115 4064 1215 4120 reuehi
1241 4079 1324 4135 quarn

212 4155 307 4211 deseri
328 4153 409 4210 Beda
493 4153 547 4210 270
569 4149 769 4207 domuitionem
795 4150 939 4208 Victorius.
965 4151 1041 4207 domi
1060 4152 1192 4207 ultionem
1208 4154 1324 4220 555555

212 4241 270 4296 ioco
285 4239 361 4310 libri,
382 4239 438 4294 nisi
449 4237 523 4311 quod
535 4236 622 4292 attero
640 4235 726 4292 domu
742 4235 860 4309 ultiones
881 4237 1011 4294 Wucrzb.
1028 4242 1055 4292 ct
1068 4234 1139 4292 Pur.
1154 4251 1191 4288 5.
1201 4249 1254 4305 pr.
