2932 4942
637 332 869 392 Annnutvn

718 500 797 575 vl*

305 621 379 706 Qua
401 622 486 693 Galli
510 623 619 692 furtim
640 628 740 694 noctu
761 646 890 694 summa
908 625 993 695 arcis
1011 624 1117 696 adorti

219 735 279 795 170
306 725 452 813 Moenia,
479 726 654 813 concubia,
682 728 871 823 uigilesque
891 733 1026 820 repente
1048 732 1228 799 cruentant.

653 974 812 1096 ursan
844 1012 871 1094 u

156 1333 222 1416 apr.
306 1307 400 1422 Inicit
418 1305 586 1376 inritatus:
613 1205 880 1399 tenetoicasuS,
904 1309 997 1378 iuuat
1016 1332 1080 1379 res,
1119 1333 1185 1402 up.

776 1443 793 1481 8

309 1547 438 1616 Bellum
461 1545 577 1641 aequis
597 1445 762 1620 manibu}l
771 1571 840 1620 nox
860 1547 1057 1639 intempesto
1077 1549 1214 1619 diremit.

785 1682 801 1720 s

312 1839 569 1856 .....
622 1685 899 1882 aquasissaspersa
917 1786 1052 1883 Latinis.

772 1922 789 1960 tt
798 1922 813 1959 tt

313 2023 412 2123 Cutis,
422 1923 759 2123 tomani-turrem
774 2031 852 2097 sunt
870 2023 1036 2137 campan.

224 2272 284 2332 175
312 2224 485 2354 Cogebant
502 2263 609 2333 hostis
627 2163 834 2338 lacrimabtes
858 2268 893 2336 ut
913 2263 1131 2334 misererent-

209 2448 246 2496 ui.
268 2445 484 2513 [aem-xilem]
510 2449 606 2499 Ennius
624 2451 651 2499 in
671 2457 760 2514 quarto
786 2451 840 2500 ...’
876 2449 1011 2514 (quarto
1032 2462 1101 2506 om,
1124 2445 1209 2511 spatio
1224 2443 1322 2503 relicto,

210 2515 285 2578 Par.)
304 2515 411 2566 Seruius
424 2517 451 2565 io
462 2519 526 2568 hen.
540 2519 590 2568 XII
600 2521 652 2571 552
671 2525 786 2570 ‘summa
800 2521 912 2569 nituntur
928 2532 1006 2584 opum
1021 2518 1062 2566 ui:
1080 2512 1270 2566 hemistichium
1285 2521 1325 2562 est

211 2587 371 2636 Ennianum!
442 2587 478 2636 VI
496 2587 640 2639 Macrobius
654 2589 707 2639 Sat.
727 2592 736 2639 I
750 2591 768 2639 4
782 2588 855 2655 pao
864 2589 921 2638 Jan.
943 2587 1053 2636 ‘Ennius
1067 2587 1144 2646 enim,
1164 2584 1214 2632 nisi
1229 2583 1270 2631 cui
1285 2584 1332 2632 ui-.

211 2655 285 2705 detur
298 2657 365 2705 inter
377 2664 479 2707 nostrae
492 2659 582 2708 aetatis
598 2659 731 2725 politiores
746 2658 884 2709 munditias
897 2657 1073 2723 respuendus,
1094 2662 1188 2706 noctu
1203 2668 1324 2703 concu-

211 2725 265 2775 bia
287 2724 353 2775 dixit
368 2724 410 2776 bis
428 2728 561 2778 uersibus:
586 2728 649 2791 qua’
670 2745 693 2778 e.
708 2744 733 2791 q.
746 2745 768 2778 s.
793 2732 860 2791 ‘quo
880 2729 906 2777 in
926 2727 981 2777 Ioco
1001 2724 1256 2776 animaduertendum
1276 2731 1323 2781 est,

211 2809 261 2844 non
281 2795 364 2844 solum
384 2794 453 2857 quod
472 2807 575 2847 noctu
594 2798 765 2858 concubia,
791 2799 839 2848 sed
856 2797 925 2861 quod
945 2796 1022 2846 etiam
1044 2811 1095 2859 qua
1118 2801 1193 2844 noctu
1214 2793 1324 2850 dixerim

211 2871 236 2914 et
250 2865 300 2914 hoc
314 2865 401 2930 posuit
414 2866 440 2914 in
454 2867 584 2918 annalium
599 2869 727 2934 septimo*
750 2867 827 2918 Thes.
847 2882 929 2917 nouus
942 2866 1025 2916 Latin.
1040 2865 1087 2931 (Α.
1098 2865 1150 2914 Mai
1165 2871 1232 2912 auct.
1247 2861 1323 2911 class.

210 2935 271 2985 VIII
290 2950 317 3001 p.
335 2931 399 2998 148)
415 2938 625 2988 ‘concubium
641 2937 767 3002 quaedam
780 2952 841 3005 pars
855 2938 946 2989 noctis.
974 2935 1086 2995 Ennius:
1104 2934 1166 2997 qua'
1186 2949 1209 2983 e.
1226 2948 1251 2996 q.
1267 2948 1288 2982 s.

244 3039 368 3089 LmanV
404 3037 523 3088 IFestus
537 3055 564 3105 p.
581 3040 632 3091 178
645 3040 679 3090 Μ.
704 3045 871 3100 ‘occasus,
898 3039 1014 3089 interitus
1035 3073 1108 3097 .....
1130 3051 1180 3100 quo
1198 3036 1324 3085 uocabulo

211 3109 311 3159 Ennius
327 3123 374 3173 pro
389 3109 524 3159 occasione
543 3117 581 3159 est
599 3125 661 3167 usus
675 3111 702 3159 iu
718 3111 763 3161 lib.
777 3112 815 3160 n:
843 3109 890 3176 [IV
904 3109 936 3158 h.
949 3107 971 3174 1]
992 3109 1053 3157 item
1071 3108 1097 3156 in
1121 3106 1138 3156 l.
1157 3106 1182 3156 V
1199 3106 1254 3154 ...’

211 3179 236 3226 II
253 3180 319 3228 horo
336 3179 362 3227 in
377 3178 437 3227 Hor.
453 3178 501 3244 Ep.
518 3181 541 3228 II
556 3181 582 3238 2,
595 3178 629 3230 97
656 3184 698 3227 ‘ut
709 3181 817 3231 Romani
831 3179 959 3242 quondam
972 3185 1150 3244 pugnauerunt
1169 3190 1226 3225 cum
1245 3176 1326 3226 hosti—

211 3247 260 3296 bus
276 3248 433 3297 Samnitibus
447 3263 528 3311 usque
544 3249 577 3297 ad
593 3257 705 3307 noctem3
730 3250 799 3300 undo
818 3255 843 3299 ot
856 3249 954 3298 Ennius
972 3247 1068 3309 inquit:
1093 3245 1203 3296 bcIIum’
1219 3254 1246 3294 'e.
1261 3261 1287 3308 q.
1302 3260 1324 3294 s.

212 3316 359 3380 (Ennius
376 3316 497 3366 ballum
511 3319 621 3380 inquit
640 3319 681 3368 ed.
696 3319 762 3369 Ven.
777 3316 846 3369 1498
859 3318 947 3368 etatis
960 3317 1015 3365 sine
1028 3316 1045 3364 I.
1060 3323 1084 3365 et
1097 3313 1137 3379 a.)
1208 3315 1243 3363 lII
1260 3314 1326 3364 Gha-

212 3386 289 3434 risius
303 3387 326 3434 II
344 3400 371 3449 p.
382 3383 433 3436 213
444 3387 472 3436 P.
487 3385 553 3450 (143
567 3386 658 3451 Lind.)
678 3392 772 3438 ‘ouon
792 3387 897 3437 Plautus
910 3387 936 3436 in
951 3385 1136 3435 Bacchidibus:
1156 3399 1223 3434 euax
1238 3399 1326 3450 asper-

211 3455 269 3503 sisti
288 3468 396 3516 aquam:
419 3454 456 3502 iili
479 3456 576 3505 nuntio.
610 3457 707 3506 Ennius
728 3471 829 3520 quoque
848 3455 978 3505 annalium
1000 3454 1079 3504 Iibro:
1102 3455 1205 3517 aquast'
1223 3469 1245 3503 e.
1262 3469 1287 3516 q.
1302 3469 1323 3503 s.

213 3522 252 3573 CI.
269 3521 419 3572 amachius
433 3525 524 3574 Exerc.
538 3526 593 3574 crit.
615 3528 689 3591 p.1·2
760 3527 794 3575 IV
814 3526 967 3576 censorious
982 3525 1075 3590 fragm.
1091 3540 1114 3573 c.
1122 3523 1156 3573 14
1169 3539 1196 3589 p.
1204 3522 1239 3574 98
1249 3523 1325 3574 Jahn.

212 3592 296 3658 (2725
308 3590 353 3655 Ρ.)
373 3595 643 3663 ‘IQEIIJIQ’
661 3596 711 3660 (sc.
725 3592 900 3658 hexameter):
922 3594 1020 3644 ‘ciues’
1041 3611 1063 3644 e.
1081 3610 1106 3657 q.
1120 3610 1141 3643 s.
1169 3593 1240 3643 Idem
1256 3609 1278 3643 c.
1294 3593 1326 3644 15

213 3679 240 3729 p.
253 3660 288 3712 98
304 3660 380 3710 Jahn.
400 3660 483 3728 (2728
495 3661 538 3725 P.)
564 3668 608 3712 ‘ac
628 3665 738 3730 primum
759 3665 887 3714 trimetros
909 3663 936 3712 fit
956 3664 1073 3713 heroicus
1093 3662 1267 3713 s'ondiazou:
1291 3663 1328 3711 ci·

212 3732 272 3782 ues'
293 3746 315 3781 a.
333 3746 358 3792 q.
373 3745 394 3779 s.
426 3731 548 3782 Referunt
569 3733 679 3784 editores
702 3734 736 3783 ad
749 3735 873 3784 Ennium:
895 3734 967 3783 cuius
986 3734 1008 3782 si
1024 3740 1077 3791 est,
1115 3747 1194 3796 equo
1217 3739 1266 3783 icet
1281 3731 1328 3782 du-

212 3803 311 3861 bitare,
346 3800 406 3849 huic
430 3803 487 3852 sedi
507 3809 574 3852 recte
605 3804 749 3854 uindicatus
771 3811 811 3854 est
880 3805 903 3853 V
931 3804 1078 3853 Priscianus
1099 3803 1159 3852 VIII
1184 3818 1212 3868 p.
1229 3801 1281 3853 824
1298 3802 1326 3851 Ρ.

214 3912 426 3927 ......-

257 3985 307 4042 171
330 3982 407 4038 Inicit
420 3976 483 4035 eod.
567 3977 692 4033 inritatus
710 3979 772 4034 cod.
878 3982 930 4039 17²
959 3979 1062 4033 bellurn
1084 3977 1183 4048 aequis
1199 3976 1328 4032 manibus

213 4069 257 4124 ed.
281 4067 313 4124 G.
335 4064 461 4123 Fabricii
481 4068 550 4122 1555
570 4061 778 4119 Atmeooeenus
801 4062 900 4135 Oprmc.
923 4062 1270 4137 p.1tn.bcllumaequis
1292 4061 1328 4115 de

214 4154 343 4208 manibus
365 4153 407 4207 ed.
438 4149 505 4204 Ven-
524 4151 592 4207 1498
612 4148 711 4202 etoiia
733 4149 793 4203 sine
814 4149 916 4203 Leto.
1024 4150 1076 4206 173
1098 4163 1201 4218 aspera
1218 4147 1261 4202 ed.
1275 4164 1327 4218 pr.

257 4240 309 4296 175
322 4237 412 4293 hostis
427 4235 515 4292 Bm.
531 4232 672 4290 Hauon.
701 4232 798 4290 hostes
812 4232 900 4309 itaqu
917 4233 1002 4310 Sanc.
1030 4226 1120 4290 'ostes
1136 4231 1206 4308 Beq.
