2932 4942
608 329 849 398 RELIQVIAII
1220 325 1283 391 179

512 561 515 568 .
665 499 791 569 XXXII

273 633 397 706 Fronto
415 634 521 726 Epist.
540 633 588 704 IV
608 643 627 704 3
649 657 680 724 p.
700 641 741 704 99
762 633 813 702 ed.
833 632 927 703 Rom.
957 635 1082 725 ‘neque
1103 632 1137 703 id
1164 652 1283 721 repre-

170 738 279 807 hendo
302 741 336 808 te
361 739 455 808 uerbi
476 737 693 808 translatione
714 736 875 806 audacius
899 757 1134 826 progressum:
1161 737 1284 829 quippe

169 841 225 934 qui
249 841 333 910 Enni
357 842 520 912 sententia
548 843 755 910 oratorem
786 839 980 908 audacem
1006 861 1102 908 esse
1131 839 1284 911 debere
1394 882 1397 889 -

170 966 333 1013 censeam.
375 945 425 1014 Sit
448 967 529 1014 sane
548 945 659 1013 audax
679 945 806 1027 orator,
835 945 871 1011 ut
887 941 1013 1011 Ennius
1031 942 1196 1032 postulat,
1225 944 1285 1013 sed

170 1047 427 1139 asignilicando
447 1048 535 1140 quod
558 1046 630 1116 uolt
652 1045 763 1140 eloqui
784 1067 948 1139 nusquam
971 1045 1194 1138 digrediatur!

658 1198 798 1270 XXXIII
930 1189 933 1194 ¹

273 1314 384 1385 Varro
410 1315 451 1385 de
476 1316 513 1385 L.
532 1315 569 1386 L.
596 1315 642 1386 IX
665 1327 725 1387 107
747 1317 789 1387 M.
824 1320 993 1408 ‘oporteat
1012 1316 1074 1387 diei
1095 1316 1221 1404 solui,
1248 1322 1285 1388 ut

171 1415 254 1489 Cato
275 1422 308 1489 et
328 1419 455 1489 Ennius
477 1419 605 1507 scribit,
633 1442 700 1490 non
720 1424 757 1489 ut
776 1421 853 1490 dicit
871 1421 997 1513 uolgus
1020 1421 1139 1491 solitus
1161 1423 1257 1491 sum!

649 1571 795 1642 XXXIV

273 1688 393 1758 Festus
415 1712 448 1780 p.
467 1697 526 1760 351
546 1689 589 1760 M.
616 1688 820 1781 ‘tappete’
840 1688 1079 1782 (tappetae,
1101 1689 1200 1762 immo
1216 1696 1284 1763 ta·
1404 1680 1414 1698 ’

170 1794 309 1882 petae,
337 1790 495 1883 Vrsinus)
519 1793 579 1862 ‘ex
601 1793 728 1863 Graeco
758 1789 924 1886 sumlpsit]
953 1846 1109 1863 .....
1135 1799 1190 1865 tae
1211 1797 1285 1865 En-

169 1895 244 1965 nius
278 1917 351 1964 cum
389 1895 434 1965 ait
472 1899 485 1965 t
512 1947 814 1966 .........
841 1895 906 1966 lius
938 1897 972 1965 in
996 1897 1182 1969 Demetrio!
1235 1900 1285 1968 De

169 2002 324 2090 tapeta,
352 2001 524 2090 tapetae
550 2000 592 2069 cf.
618 1997 742 2068 Placidi
769 1997 880 2068 Gloss
912 1999 967 2089 (Α.
990 2000 1054 2070 Mai
1080 2007 1166 2071 auct.
1185 2003 1283 2072 class.

169 2102 310 2193 111481)
340 2102 510 2189 ‘lebeta,
536 2103 618 2186 olla,
646 2100 781 2194 generis
799 2102 964 2172 feminini!

658 2251 791 2323 XXXV

272 2368 411 2440 Seruius
436 2369 470 2439 in
487 2369 572 2440 Aen.
591 2370 652 2440 XII
670 2379 732 2442 298
764 2375 856 2440 ‘nam
877 2369 956 2441 illud
977 2371 1071 2441 Ennii
1097 2378 1130 2439 et
1148 2369 1284 2441 Pacuuii

168 2473 299 2564 penitus
327 2473 367 2543 de
392 2497 457 2543 usu
486 2475 642 2560 recessd,
669 2478 707 2545 ut
732 2472 797 2543 lric
819 2477 979 2562 torrus‚
1006 2473 1105 2545 huius
1125 2472 1206 2545 torri
1229 2475 1284 2543 di-

168 2576 302 2647 camus!

652 2678 798 2750 XXXVI

272 2807 411 2879 Seruius
445 2807 479 2875 in
502 2809 587 2878 Aen.
614 2808 663 2879 VI
688 2817 749 2879 779
786 2808 947 2878 ‘uiden:
987 2807 1063 2877 den
1092 2808 1284 2878 naturaliter

168 2907 272 3001 longa
290 2913 351 2994 est,
378 2909 513 2979 breuem
528 2913 639 2980 tamen
657 2911 743 2981 eam'
767 2910 909 3000 (etiam
928 2910 1001 2980 cod.
1021 2908 1130 3000 Fuld.)
1155 2911 1284 3002 ‘posuIt

169 3014 305 3083 secutus
324 3012 486 3082 Ennium!

642 3114 802 3187 XXXVII

271 3244 474 3317 Censorinus
497 3200 538 3316 de
560 3247 612 3317 die
636 3251 701 3317 nat.
726 3271 755 3318 c.
777 3257 815 3318 19
843 3271 874 3339 p.
897 3257 936 3317 57
963 3247 1058 3317 Jahn.
1087 3244 1167 3315 ‘hoc
1195 3248 1283 3315 tem-

167 3349 248 3442 pus’
276 3350 290 3442 (
298 3372 344 3420 sc.
368 3350 498 3439 annus)
529 3355 628 3444 ‘quot
657 3351 783 3423 dierum
810 3354 899 3422 esset
923 3352 965 3421 ad
986 3352 1110 3421 certum
1137 3349 1282 3419 nondum

168 3453 330 3545 astrologi
357 3454 501 3544 reperire
527 3458 714 3545 potuerunt.
763 3455 932 3525 Philolaus
954 3474 1074 3524 annum
1100 3454 1282 3523 naturalem

168 3556 239 3626 dies
272 3557 394 3626 habere
426 3556 571 3648 prodidit
608 3557 792 3631 CCCLXIII
943 3562 977 3628 at
1009 3560 1124 3627 noster
1154 3557 1281 3627 Ennius

168 3658 378 3740 CCCLXVI.’

639 3778 813 3851 XXXVIII

271 3909 475 3981 Censorinus
499 3912 540 3980 de
565 3911 618 3980 die
641 3916 706 3982 nat.
731 3935 759 3982 c.
778 3920 818 3981 24
847 3936 878 4003 p.
901 3922 937 3982 71
965 3911 1061 3981 Jahn.
1096 3912 1189 3999 ‘post
1217 3930 1280 3976 su-

168 4036 314 4104 premam
336 4017 486 4108 sequitur
512 4037 670 4107 uespera,
699 4019 774 4085 ante
798 4014 1053 4106 ortum-scilicet
1073 4011 1144 4079 eius
1164 4010 1281 4079 stellae

167 4138 267 4207 quam
287 4117 426 4189 Plautus
451 4119 725 4210 uesperuginem,
761 4117 888 4186 Ennius
913 4136 1153 4207 uesperum,
1187 4112 1280 4183 Ver-

168 4218 269 4309 gilius
291 4219 457 4310 hesperon
477 4221 640 4312 appellat!

1006 4330 1074 4396 12*
