<?xml version="1.0" encoding="UTF-8"?>
<!DOCTYPE html PUBLIC "-//W3C//DTD XHTML 1.0 Transitional//EN"
    "http://www.w3.org/TR/xhtml1/DTD/xhtml1-transitional.dtd">
<html xmlns="http://www.w3.org/1999/xhtml" xml:lang="en" lang="en">
 <head>
  <title>
</title>
<meta http-equiv="Content-Type" content="text/html;charset=utf-8" />
  <meta name='ocr-system' content='tesseract 3.04.00' />
  <meta name='ocr-capabilities' content='ocr_page ocr_carea ocr_par ocr_line ocrx_word'/>
</head>
<body>
  <div class='ocr_page' id='page_1' title='image "./ennianaepoesisr00ennigoog_0056.png"; bbox 0 0 2932 4942; ppageno 0'>
   <div class='ocr_carea' id='block_1_1' title="bbox 609 345 1280 409">
    <p class='ocr_par' dir='ltr' id='par_1_1' title="bbox 609 345 1280 409">
     <span class='ocr_line' id='line_1_1' title="bbox 609 345 1280 409; baseline 0.015 -10"><span class='ocrx_word' id='word_1_1' title='bbox 609 345 843 408; x_wconf 77' lang='grc' dir='ltr'><strong>ΕΝΝῙΑΝΑΕ</strong></span> <span class='ocrx_word' id='word_1_2' title='bbox 1192 360 1280 409; x_wconf 81' lang='lat' dir='ltr'><strong>xn1x</strong></span> 
     </span>
    </p>
   </div>
   <div class='ocr_carea' id='block_1_2' title="bbox 166 508 1281 4385">
    <p class='ocr_par' dir='ltr' id='par_1_2' title="bbox 166 508 1281 4385">
     <span class='ocr_line' id='line_1_2' title="bbox 167 508 1278 587; baseline 0.006 -18"><span class='ocrx_word' id='word_1_3' title='bbox 167 526 226 569; x_wconf 93' lang='lat' dir='ltr'><strong>non</strong></span> <span class='ocrx_word' id='word_1_4' title='bbox 258 525 411 585; x_wconf 78' lang='lat' dir='ltr'><strong>numquam</strong></span> <span class='ocrx_word' id='word_1_5' title='bbox 440 508 467 566; x_wconf 92' lang='lat' dir='ltr'><strong>in</strong></span> <span class='ocrx_word' id='word_1_6' title='bbox 497 510 570 587; x_wconf 89' lang='lat' dir='ltr'><strong>ipsis</strong></span> <span class='ocrx_word' id='word_1_7' title='bbox 598 509 736 570; x_wconf 88' lang='lat' dir='ltr'><strong>librorum</strong></span> <span class='ocrx_word' id='word_1_8' title='bbox 765 512 852 570; x_wconf 87' lang='lat' dir='ltr'><strong>initiis</strong></span> <span class='ocrx_word' id='word_1_9' title='bbox 877 512 998 571; x_wconf 93' lang='lat' dir='ltr'><strong>deorum</strong></span> <span class='ocrx_word' id='word_1_10' title='bbox 1032 516 1197 575; x_wconf 89' lang='lat' dir='ltr'><strong>contionem</strong></span> <span class='ocrx_word' id='word_1_11' title='bbox 1227 535 1278 576; x_wconf 84' lang='lat' dir='ltr'><strong>ex·</strong></span> 
     </span>
     <span class='ocr_line' id='line_1_3' title="bbox 169 612 1278 695; baseline 0.005 -19"><span class='ocrx_word' id='word_1_12' title='bbox 169 616 276 695; x_wconf 89' lang='lat' dir='ltr'><strong>pandit.</strong></span> <span class='ocrx_word' id='word_1_13' title='bbox 300 612 345 675; x_wconf 83' lang='lat' dir='ltr'><strong>Gi.</strong></span> <span class='ocrx_word' id='word_1_14' title='bbox 360 613 393 673; x_wconf 93' lang='lat' dir='ltr'><strong>ll.</strong></span> <span class='ocrx_word' id='word_1_15' title='bbox 419 618 447 673; x_wconf 85' lang='lat' dir='ltr'><em>A</em></span> <span class='ocrx_word' id='word_1_16' title='bbox 471 614 485 673; x_wconf 88' lang='lat'>1</span> <span class='ocrx_word' id='word_1_17' title='bbox 509 634 575 695; x_wconf 89' lang='lat' dir='ltr'><strong>sqq.</strong></span> <span class='ocrx_word' id='word_1_18' title='bbox 601 619 628 678; x_wconf 83' lang='grc' dir='ltr'><strong>Θ</strong></span> <span class='ocrx_word' id='word_1_19' title='bbox 655 618 669 676; x_wconf 95' lang='grc'>1</span> <span class='ocrx_word' id='word_1_20' title='bbox 693 635 759 695; x_wconf 85' lang='lat' dir='ltr'>sqq.</span> <span class='ocrx_word' id='word_1_21' title='bbox 790 616 857 676; x_wconf 87' lang='lat' dir='ltr'><strong>lueo</strong></span> <span class='ocrx_word' id='word_1_22' title='bbox 881 619 1013 695; x_wconf 87' lang='lat' dir='ltr'><strong>periculo</strong></span> <span class='ocrx_word' id='word_1_23' title='bbox 1036 620 1072 679; x_wconf 89' lang='lat' dir='ltr'><strong>ir.</strong></span> <span class='ocrx_word' id='word_1_24' title='bbox 1093 619 1133 680; x_wconf 91' lang='lat' dir='ltr'><strong>lll</strong></span> <span class='ocrx_word' id='word_1_25' title='bbox 1155 624 1183 681; x_wconf 85' lang='lat' dir='ltr'><strong>in</strong></span> <span class='ocrx_word' id='word_1_26' title='bbox 1203 621 1278 682; x_wconf 90' lang='lat' dir='ltr'><strong>hunc</strong></span> 
     </span>
     <span class='ocr_line' id='line_1_4' title="bbox 166 720 1279 804; baseline 0.008 -24"><span class='ocrx_word' id='word_1_27' title='bbox 166 721 271 780; x_wconf 85' lang='lat' dir='ltr'><strong>librum</strong></span> <span class='ocrx_word' id='word_1_28' title='bbox 291 720 387 780; x_wconf 89' lang='lat' dir='ltr'><strong>intuli:</strong></span> <span class='ocrx_word' id='word_1_29' title='bbox 418 739 476 798; x_wconf 96' lang='lat' dir='ltr'><strong>quo</strong></span> <span class='ocrx_word' id='word_1_30' title='bbox 499 722 674 782; x_wconf 89' lang='lat' dir='ltr'><strong>Postumium</strong></span> <span class='ocrx_word' id='word_1_31' title='bbox 694 741 858 801; x_wconf 83' lang='lat' dir='ltr'>agnoscere</span> <span class='ocrx_word' id='word_1_32' title='bbox 877 723 1012 800; x_wconf 76' lang='lat' dir='ltr'><strong>uidebar,</strong></span> <span class='ocrx_word' id='word_1_33' title='bbox 1035 727 1083 804; x_wconf 89' lang='lat' dir='ltr'><strong>qni</strong></span> <span class='ocrx_word' id='word_1_34' title='bbox 1105 726 1220 803; x_wconf 84' lang='lat' dir='ltr'><strong>legatus</strong></span> <span class='ocrx_word' id='word_1_35' title='bbox 1243 729 1279 789; x_wconf 92' lang='lat' dir='ltr'><strong>ad</strong></span> 
     </span>
     <span class='ocr_line' id='line_1_5' title="bbox 167 826 1278 912; baseline 0.008 -26"><span class='ocrx_word' id='word_1_36' title='bbox 167 826 342 887; x_wconf 81' lang='lat' dir='ltr'><strong>Tarentinos</strong></span> <span class='ocrx_word' id='word_1_37' title='bbox 365 826 487 904; x_wconf 85' lang='lat' dir='ltr'><strong>missus,</strong></span> <span class='ocrx_word' id='word_1_38' title='bbox 516 847 581 888; x_wconf 91' lang='lat' dir='ltr'><strong>cum</strong></span> <span class='ocrx_word' id='word_1_39' title='bbox 603 829 728 889; x_wconf 91' lang='lat' dir='ltr'><strong>ludibrio</strong></span> <span class='ocrx_word' id='word_1_40' title='bbox 751 830 787 889; x_wconf 88' lang='lat' dir='ltr'><strong>ab</strong></span> <span class='ocrx_word' id='word_1_41' title='bbox 809 829 866 888; x_wconf 87' lang='lat' dir='ltr'><strong>illis</strong></span> <span class='ocrx_word' id='word_1_42' title='bbox 888 828 1001 889; x_wconf 88' lang='lat' dir='ltr'><strong>habitus</strong></span> <span class='ocrx_word' id='word_1_43' title='bbox 1026 830 1217 912; x_wconf 77' lang='lat' dir='ltr'><strong>obscenoque</strong></span> <span class='ocrx_word' id='word_1_44' title='bbox 1237 837 1278 894; x_wconf 91' lang='lat' dir='ltr'><strong>in·</strong></span> 
     </span>
     <span class='ocr_line' id='line_1_6' title="bbox 166 932 1279 1017; baseline 0.005 -24"><span class='ocrx_word' id='word_1_45' title='bbox 166 932 291 993; x_wconf 77' lang='lat' dir='ltr'><strong>euitatus</strong></span> <span class='ocrx_word' id='word_1_46' title='bbox 320 942 418 1009; x_wconf 80' lang='lat' dir='ltr'><strong>esset,</strong></span> <span class='ocrx_word' id='word_1_47' title='bbox 458 943 519 993; x_wconf 89' lang='lat' dir='ltr'><strong>atra</strong></span> <span class='ocrx_word' id='word_1_48' title='bbox 552 934 687 1014; x_wconf 91' lang='lat' dir='ltr'><strong>maleque</strong></span> <span class='ocrx_word' id='word_1_49' title='bbox 720 937 844 997; x_wconf 89' lang='lat' dir='ltr'><strong>ominata</strong></span> <span class='ocrx_word' id='word_1_50' title='bbox 879 936 1067 1013; x_wconf 68' lang='lat' dir='ltr'><strong>(³obscena&#39;</strong></span> <span class='ocrx_word' id='word_1_51' title='bbox 1103 957 1178 1017; x_wconf 91' lang='lat' dir='ltr'><strong>quae</strong></span> <span class='ocrx_word' id='word_1_52' title='bbox 1208 939 1279 999; x_wconf 89' lang='lat' dir='ltr'><strong>dicit</strong></span> 
     </span>
     <span class='ocr_line' id='line_1_7' title="bbox 167 1038 1279 1124; baseline 0.006 -25"><span class='ocrx_word' id='word_1_53' title='bbox 167 1046 272 1118; x_wconf 68' lang='lat' dir='ltr'><strong>potita:</strong></span> <span class='ocrx_word' id='word_1_54' title='bbox 293 1039 333 1099; x_wconf 82' lang='lat' dir='ltr'><strong>cf.</strong></span> <span class='ocrx_word' id='word_1_55' title='bbox 352 1038 535 1099; x_wconf 84' lang='lat' dir='ltr'><strong>Porcellinus</strong></span> <span class='ocrx_word' id='word_1_56' title='bbox 557 1060 581 1100; x_wconf 90' lang='lat' dir='ltr'><strong>s.</strong></span> <span class='ocrx_word' id='word_1_57' title='bbox 601 1043 646 1120; x_wconf 84' lang='lat' dir='ltr'><strong>u.)</strong></span> <span class='ocrx_word' id='word_1_58' title='bbox 668 1041 757 1102; x_wconf 90' lang='lat' dir='ltr'><strong>uerba</strong></span> <span class='ocrx_word' id='word_1_59' title='bbox 777 1042 909 1122; x_wconf 87' lang='lat' dir='ltr'><strong>prolatus</strong></span> <span class='ocrx_word' id='word_1_60' title='bbox 926 1054 971 1103; x_wconf 89' lang='lat' dir='ltr'><strong>est</strong></span> <span class='ocrx_word' id='word_1_61' title='bbox 985 1049 1085 1124; x_wconf 80' lang='grc' dir='ltr'><em>γελᾶτε</em></span> <span class='ocrx_word' id='word_1_62' title='bbox 1102 1044 1155 1118; x_wconf 74' lang='grc' dir='ltr'><strong>ἕως</strong></span> <span class='ocrx_word' id='word_1_63' title='bbox 1170 1043 1279 1119; x_wconf 73' lang='grc' dir='ltr'><strong><em>ἔξεστιν</em></strong></span> 
     </span>
     <span class='ocr_line' id='line_1_8' title="bbox 167 1136 1276 1231; baseline 0.005 -26"><span class='ocrx_word' id='word_1_64' title='bbox 167 1136 256 1223; x_wconf 78' lang='grc' dir='ltr'><em>ύμῖν,</em></span> <span class='ocrx_word' id='word_1_65' title='bbox 278 1137 384 1226; x_wconf 71' lang='grc' dir='ltr'><em>ἄνδρες</em></span> <span class='ocrx_word' id='word_1_66' title='bbox 399 1149 592 1226; x_wconf 84' lang='grc' dir='ltr'><strong>Ταραντῖνοι,</strong></span> <span class='ocrx_word' id='word_1_67' title='bbox 614 1150 729 1226; x_wconf 76' lang='grc' dir='ltr'><em>γελᾶτε·</em></span> <span class='ocrx_word' id='word_1_68' title='bbox 752 1140 848 1209; x_wconf 80' lang='grc' dir='ltr'><strong><em>πολύν</em></strong></span> <span class='ocrx_word' id='word_1_69' title='bbox 865 1140 922 1231; x_wconf 78' lang='lat' dir='ltr'><strong>ydp</strong></span> <span class='ocrx_word' id='word_1_70' title='bbox 936 1142 989 1211; x_wconf 82' lang='grc' dir='ltr'><strong>τὸν</strong></span> <span class='ocrx_word' id='word_1_71' title='bbox 1007 1141 1078 1229; x_wconf 68' lang='grc' dir='ltr'><em>μετὰ</em></span> <span class='ocrx_word' id='word_1_72' title='bbox 1096 1154 1187 1211; x_wconf 85' lang='grc' dir='ltr'><strong><em>ταῦτα</em></strong></span> <span class='ocrx_word' id='word_1_73' title='bbox 1210 1144 1276 1229; x_wconf 84' lang='grc' dir='ltr'><em>χρό-</em></span> 
     </span>
     <span class='ocr_line' id='line_1_9' title="bbox 168 1244 1275 1335; baseline 0.005 -24"><span class='ocrx_word' id='word_1_74' title='bbox 168 1272 222 1311; x_wconf 91' lang='grc' dir='ltr'><strong>νον</strong></span> <span class='ocrx_word' id='word_1_75' title='bbox 246 1244 385 1311; x_wconf 76' lang='grc' dir='ltr'><strong><em>κλαύσετε</em></strong></span> <span class='ocrx_word' id='word_1_76' title='bbox 485 1249 535 1311; x_wconf 75' lang='grc' dir='ltr'><strong>καὶ</strong></span> <span class='ocrx_word' id='word_1_77' title='bbox 561 1251 613 1311; x_wconf 83' lang='grc' dir='ltr'><strong>ῗνα</strong></span> <span class='ocrx_word' id='word_1_78' title='bbox 635 1274 668 1332; x_wconf 82' lang='grc' dir='ltr'><em>γε</em></span> <span class='ocrx_word' id='word_1_79' title='bbox 696 1257 808 1332; x_wconf 76' lang='grc' dir='ltr'><strong><em>μᾶλλον</em></strong></span> <span class='ocrx_word' id='word_1_80' title='bbox 835 1245 1073 1335; x_wconf 63' lang='lat' dir='ltr'><strong>circeastriam,</strong></span> <span class='ocrx_word' id='word_1_81' title='bbox 1107 1254 1158 1316; x_wconf 80' lang='lat' dir='ltr'><strong>sui</strong></span> <span class='ocrx_word' id='word_1_82' title='bbox 1186 1247 1275 1316; x_wconf 83' lang='grc' dir='ltr'><strong><em>τοῦθ’</em></strong></span> 
     </span>
     <span class='ocr_line' id='line_1_10' title="bbox 166 1348 1278 1442; baseline 0.004 -26"><span class='ocrx_word' id='word_1_83' title='bbox 166 1348 240 1435; x_wconf 79' lang='grc' dir='ltr'><strong>ύμῖν</strong></span> <span class='ocrx_word' id='word_1_84' title='bbox 266 1354 404 1436; x_wconf 75' lang='grc' dir='ltr'><em>λέγομεν,</em></span> <span class='ocrx_word' id='word_1_85' title='bbox 431 1348 477 1417; x_wconf 72' lang='grc' dir='ltr'><strong><em>ὅτι</em></strong></span> <span class='ocrx_word' id='word_1_86' title='bbox 502 1361 603 1437; x_wconf 77' lang='grc' dir='ltr'><strong><em>πολλῷ</em></strong></span> <span class='ocrx_word' id='word_1_87' title='bbox 628 1349 683 1436; x_wconf 79' lang='grc' dir='ltr'><strong>τὴν</strong></span> <span class='ocrx_word' id='word_1_88' title='bbox 712 1358 825 1438; x_wconf 64' lang='grc' dir='ltr'><strong><em>ἐσθῆτα</em></strong></span> <span class='ocrx_word' id='word_1_89' title='bbox 847 1358 957 1441; x_wconf 84' lang='grc' dir='ltr'><strong><em>ταύτην</em></strong></span> <span class='ocrx_word' id='word_1_90' title='bbox 983 1364 1083 1442; x_wconf 80' lang='grc' dir='ltr'><em>αἵματι</em></span> <span class='ocrx_word' id='word_1_91' title='bbox 1101 1361 1278 1423; x_wconf 77' lang='grc' dir='ltr'><strong><em>ἒιατλυνεῖτε.</em></strong></span> 
     </span>
     <span class='ocr_line' id='line_1_11' title="bbox 169 1461 1277 1548; baseline 0.005 -25"><span class='ocrx_word' id='word_1_92' title='bbox 169 1463 327 1539; x_wconf 76' lang='lat' dir='ltr'><strong>Dionysius</strong></span> <span class='ocrx_word' id='word_1_93' title='bbox 364 1462 457 1523; x_wconf 88' lang='lat' dir='ltr'><strong>Halic.</strong></span> <span class='ocrx_word' id='word_1_94' title='bbox 493 1461 566 1522; x_wconf 87' lang='lat' dir='ltr'><strong>Exc.</strong></span> <span class='ocrx_word' id='word_1_95' title='bbox 597 1462 679 1523; x_wconf 89' lang='lat' dir='ltr'>XVII</span> <span class='ocrx_word' id='word_1_96' title='bbox 708 1463 737 1524; x_wconf 90' lang='lat'><strong>8.</strong></span> <span class='ocrx_word' id='word_1_97' title='bbox 769 1462 812 1525; x_wconf 83' lang='lat' dir='ltr'><strong>cf.</strong></span> <span class='ocrx_word' id='word_1_98' title='bbox 847 1467 977 1528; x_wconf 83' lang='lat' dir='ltr'><strong>Zonaras</strong></span> <span class='ocrx_word' id='word_1_99' title='bbox 1005 1469 1074 1529; x_wconf 91' lang='lat' dir='ltr'><strong>Vlll</strong></span> <span class='ocrx_word' id='word_1_100' title='bbox 1102 1468 1121 1527; x_wconf 99' lang='grc'>2</span> <span class='ocrx_word' id='word_1_101' title='bbox 1157 1487 1185 1548; x_wconf 90' lang='lat' dir='ltr'><strong>p.</strong></span> <span class='ocrx_word' id='word_1_102' title='bbox 1219 1469 1277 1528; x_wconf 76' lang='grc'>1116</span> 
     </span>
     <span class='ocr_line' id='line_1_12' title="bbox 169 1556 1276 1651; baseline 0.002 -20"><span class='ocrx_word' id='word_1_103' title='bbox 169 1570 215 1636; x_wconf 92' lang='lat' dir='ltr'><strong>ed.</strong></span> <span class='ocrx_word' id='word_1_104' title='bbox 243 1571 335 1631; x_wconf 88' lang='lat' dir='ltr'><strong>Boou.</strong></span> <span class='ocrx_word' id='word_1_105' title='bbox 379 1568 491 1630; x_wconf 87' lang='lat' dir='ltr'><strong>indicto</strong></span> <span class='ocrx_word' id='word_1_106' title='bbox 520 1556 601 1628; x_wconf 85' lang='lat' dir='ltr'><strong>bello</strong></span> <span class='ocrx_word' id='word_1_107' title='bbox 631 1568 779 1629; x_wconf 78' lang='lat' dir='ltr'><strong>Tarentini</strong></span> <span class='ocrx_word' id='word_1_108' title='bbox 808 1572 943 1633; x_wconf 71' lang='lat' dir='ltr'><strong>‘Graium</strong></span> <span class='ocrx_word' id='word_1_109' title='bbox 971 1574 1134 1649; x_wconf 77' lang='lat' dir='ltr'><strong>hominem,</strong></span> <span class='ocrx_word' id='word_1_110' title='bbox 1164 1592 1276 1651; x_wconf 82' lang='lat' dir='ltr'><strong>regem,</strong></span> 
     </span>
     <span class='ocr_line' id='line_1_13' title="bbox 169 1673 1277 1759; baseline 0 -22"><span class='ocrx_word' id='word_1_111' title='bbox 169 1680 284 1738; x_wconf 91' lang='lat' dir='ltr'><strong>nomiue</strong></span> <span class='ocrx_word' id='word_1_112' title='bbox 311 1677 450 1737; x_wconf 82' lang='lat' dir='ltr'><strong>Burrum&#39;</strong></span> <span class='ocrx_word' id='word_1_113' title='bbox 479 1682 631 1757; x_wconf 83' lang='lat' dir='ltr'><strong>arcessunt</strong></span> <span class='ocrx_word' id='word_1_114' title='bbox 653 1673 718 1752; x_wconf 87' lang='lat' dir='ltr'><strong>(lv.</strong></span> <span class='ocrx_word' id='word_1_115' title='bbox 741 1676 799 1755; x_wconf 86' lang='lat' dir='ltr'><strong>V):</strong></span> <span class='ocrx_word' id='word_1_116' title='bbox 832 1681 881 1757; x_wconf 89' lang='lat' dir='ltr'><strong>qui</strong></span> <span class='ocrx_word' id='word_1_117' title='bbox 910 1685 990 1739; x_wconf 70' lang='lat' dir='ltr'><strong>‘cum</strong></span> <span class='ocrx_word' id='word_1_118' title='bbox 1020 1681 1169 1759; x_wconf 92' lang='lat' dir='ltr'><strong>imperium</strong></span> <span class='ocrx_word' id='word_1_119' title='bbox 1197 1680 1277 1738; x_wconf 92' lang='lat' dir='ltr'><strong>orhis</strong></span> 
     </span>
     <span class='ocr_line' id='line_1_14' title="bbox 169 1760 1276 1863; baseline -0.001 -20"><span class='ocrx_word' id='word_1_120' title='bbox 169 1785 294 1860; x_wconf 80' lang='lat' dir='ltr'><strong>agitaret</strong></span> <span class='ocrx_word' id='word_1_121' title='bbox 323 1791 352 1841; x_wconf 91' lang='lat' dir='ltr'><strong>et</strong></span> <span class='ocrx_word' id='word_1_122' title='bbox 381 1780 529 1842; x_wconf 89' lang='lat' dir='ltr'><strong>Romanos</strong></span> <span class='ocrx_word' id='word_1_123' title='bbox 559 1760 696 1860; x_wconf 85' lang='lat' dir='ltr'><strong>potentes</strong></span> <span class='ocrx_word' id='word_1_124' title='bbox 725 1782 867 1858; x_wconf 87' lang='lat' dir='ltr'><strong>uideret&#39;‚</strong></span> <span class='ocrx_word' id='word_1_125' title='bbox 898 1783 1066 1863; x_wconf 80' lang='lat' dir='ltr'><strong>Apollinem</strong></span> <span class='ocrx_word' id='word_1_126' title='bbox 1093 1785 1130 1845; x_wconf 92' lang='lat' dir='ltr'><strong>de</strong></span> <span class='ocrx_word' id='word_1_127' title='bbox 1158 1785 1276 1862; x_wconf 92' lang='lat' dir='ltr'><strong>iucepto</strong></span> 
     </span>
     <span class='ocr_line' id='line_1_15' title="bbox 169 1887 1279 1968; baseline 0.003 -21"><span class='ocrx_word' id='word_1_128' title='bbox 169 1906 223 1949; x_wconf 92' lang='lat' dir='ltr'><strong>suo</strong></span> <span class='ocrx_word' id='word_1_129' title='bbox 250 1887 405 1951; x_wconf 79' lang='lat' dir='ltr'><strong>consuluit,</strong></span> <span class='ocrx_word' id='word_1_130' title='bbox 450 1887 520 1947; x_wconf 83' lang='lat' dir='ltr'><strong>Eius</strong></span> <span class='ocrx_word' id='word_1_131' title='bbox 543 1889 716 1948; x_wconf 85' lang='lat' dir='ltr'><strong>auctoritate</strong></span> <span class='ocrx_word' id='word_1_132' title='bbox 740 1890 857 1967; x_wconf 87' lang='lat' dir='ltr'><strong>ancipiti</strong></span> <span class='ocrx_word' id='word_1_133' title='bbox 880 1899 910 1949; x_wconf 90' lang='lat' dir='ltr'><strong>et</strong></span> <span class='ocrx_word' id='word_1_134' title='bbox 934 1891 1067 1968; x_wconf 86' lang='lat' dir='ltr'><strong>ambigua</strong></span> <span class='ocrx_word' id='word_1_135' title='bbox 1090 1890 1279 1968; x_wconf 76' lang='lat' dir='ltr'><strong>inprudenter</strong></span> 
     </span>
     <span class='ocr_line' id='line_1_16' title="bbox 169 1992 1278 2074; baseline 0.004 -21"><span class='ocrx_word' id='word_1_136' title='bbox 169 1993 260 2053; x_wconf 79' lang='lat' dir='ltr'><strong>fretus</strong></span> <span class='ocrx_word' id='word_1_137' title='bbox 278 1992 357 2072; x_wconf 87' lang='lat' dir='ltr'><strong>(Vll.</strong></span> <span class='ocrx_word' id='word_1_138' title='bbox 374 1992 457 2073; x_wconf 89' lang='lat' dir='ltr'><strong>Vlll)</strong></span> <span class='ocrx_word' id='word_1_139' title='bbox 482 1998 566 2053; x_wconf 72' lang='lat' dir='ltr'><strong>‘cum</strong></span> <span class='ocrx_word' id='word_1_140' title='bbox 588 1995 657 2054; x_wconf 86' lang='lat' dir='ltr'><strong>totis</strong></span> <span class='ocrx_word' id='word_1_141' title='bbox 674 1995 782 2054; x_wconf 89' lang='lat' dir='ltr'><strong>uiribus</strong></span> <span class='ocrx_word' id='word_1_142' title='bbox 800 1994 881 2074; x_wconf 84' lang='lat' dir='ltr'><strong>Epiri</strong></span> <span class='ocrx_word' id='word_1_143' title='bbox 899 1995 1070 2056; x_wconf 82' lang='lat' dir='ltr'><strong>Thessaliae</strong></span> <span class='ocrx_word' id='word_1_144' title='bbox 1087 1994 1278 2057; x_wconf 82' lang='lat' dir='ltr'><strong>Macedoniae</strong></span> 
     </span>
     <span class='ocr_line' id='line_1_17' title="bbox 169 2098 1278 2183; baseline 0.005 -26"><span class='ocrx_word' id='word_1_145' title='bbox 169 2098 383 2177; x_wconf 75' lang='lat' dir='ltr'><strong>incognitisque</strong></span> <span class='ocrx_word' id='word_1_146' title='bbox 412 2100 441 2158; x_wconf 91' lang='lat' dir='ltr'><strong>in</strong></span> <span class='ocrx_word' id='word_1_147' title='bbox 470 2099 498 2160; x_wconf 92' lang='lat' dir='ltr'><strong>id</strong></span> <span class='ocrx_word' id='word_1_148' title='bbox 526 2109 640 2177; x_wconf 85' lang='lat' dir='ltr'><strong>tempus</strong></span> <span class='ocrx_word' id='word_1_149' title='bbox 672 2101 855 2183; x_wconf 89' lang='lat' dir='ltr'><strong>elephantis&#39;</strong></span> <span class='ocrx_word' id='word_1_150' title='bbox 885 2102 913 2161; x_wconf 88' lang='lat' dir='ltr'><strong>io</strong></span> <span class='ocrx_word' id='word_1_151' title='bbox 940 2101 1050 2163; x_wconf 88' lang='lat' dir='ltr'><strong>ltaliam</strong></span> <span class='ocrx_word' id='word_1_152' title='bbox 1077 2103 1203 2167; x_wconf 87' lang='lat' dir='ltr'><strong>aduenit.</strong></span> <span class='ocrx_word' id='word_1_153' title='bbox 1232 2100 1278 2163; x_wconf 86' lang='lat' dir='ltr'><strong>ct.</strong></span> 
     </span>
     <span class='ocr_line' id='line_1_18' title="bbox 170 2204 1277 2286; baseline 0.003 -21"><span class='ocrx_word' id='word_1_154' title='bbox 170 2204 274 2265; x_wconf 83' lang='lat' dir='ltr'><strong>Florus</strong></span> <span class='ocrx_word' id='word_1_155' title='bbox 302 2204 476 2286; x_wconf 72' lang='lat' dir='ltr'><strong>lupulto</strong></span> <span class='ocrx_word' id='word_1_156' title='bbox 503 2224 534 2285; x_wconf 93' lang='lat' dir='ltr'><strong>p.</strong></span> <span class='ocrx_word' id='word_1_157' title='bbox 557 2205 597 2264; x_wconf 96' lang='grc'><strong>22</strong></span> <span class='ocrx_word' id='word_1_158' title='bbox 624 2205 709 2266; x_wconf 83' lang='lat' dir='ltr'><strong>Jahn.</strong></span> <span class='ocrx_word' id='word_1_159' title='bbox 753 2206 799 2266; x_wconf 81' lang='lat' dir='ltr'><strong>hc</strong></span> <span class='ocrx_word' id='word_1_160' title='bbox 822 2207 923 2282; x_wconf 72' lang='lat' dir='ltr'><strong>Pyrrhi</strong></span> <span class='ocrx_word' id='word_1_161' title='bbox 951 2206 1125 2284; x_wconf 89' lang='lat' dir='ltr'><strong>elephantos</strong></span> <span class='ocrx_word' id='word_1_162' title='bbox 1154 2226 1190 2268; x_wconf 89' lang='lat' dir='ltr'><strong>eo</strong></span> <span class='ocrx_word' id='word_1_163' title='bbox 1213 2227 1277 2268; x_wconf 90' lang='lat' dir='ltr'><strong>uer·</strong></span> 
     </span>
     <span class='ocr_line' id='line_1_19' title="bbox 170 2309 1278 2390; baseline 0.005 -22"><span class='ocrx_word' id='word_1_164' title='bbox 170 2309 263 2369; x_wconf 91' lang='lat' dir='ltr'><strong>siculo</strong></span> <span class='ocrx_word' id='word_1_165' title='bbox 292 2328 379 2388; x_wconf 87' lang='lat' dir='ltr'><strong>quern</strong></span> <span class='ocrx_word' id='word_1_166' title='bbox 399 2310 437 2372; x_wconf 89' lang='lat' dir='ltr'><strong>de</strong></span> <span class='ocrx_word' id='word_1_167' title='bbox 459 2311 623 2390; x_wconf 90' lang='lat' dir='ltr'><strong>elephantis</strong></span> <span class='ocrx_word' id='word_1_168' title='bbox 652 2312 758 2372; x_wconf 88' lang='lat' dir='ltr'><strong>elatum</strong></span> <span class='ocrx_word' id='word_1_169' title='bbox 782 2312 902 2371; x_wconf 89' lang='lat' dir='ltr'><strong>Seruius</strong></span> <span class='ocrx_word' id='word_1_170' title='bbox 923 2314 951 2371; x_wconf 90' lang='lat' dir='ltr'><strong>in</strong></span> <span class='ocrx_word' id='word_1_171' title='bbox 971 2311 1044 2371; x_wconf 81' lang='lat' dir='ltr'><strong>hen.</strong></span> <span class='ocrx_word' id='word_1_172' title='bbox 1064 2312 1103 2372; x_wconf 92' lang='lat' dir='ltr'><strong>IV</strong></span> <span class='ocrx_word' id='word_1_173' title='bbox 1129 2314 1190 2373; x_wconf 89' lang='grc'><strong>404</strong></span> <span class='ocrx_word' id='word_1_174' title='bbox 1219 2323 1278 2373; x_wconf 91' lang='lat' dir='ltr'><strong>tes·</strong></span> 
     </span>
     <span class='ocr_line' id='line_1_20' title="bbox 172 2417 1276 2497; baseline 0.003 -22"><span class='ocrx_word' id='word_1_175' title='bbox 172 2424 247 2476; x_wconf 90' lang='lat' dir='ltr'><strong>tator</strong></span> <span class='ocrx_word' id='word_1_176' title='bbox 273 2422 294 2475; x_wconf 82' lang='lat' dir='ltr'><strong>r&#39;t</strong></span> <span class='ocrx_word' id='word_1_177' title='bbox 325 2425 435 2493; x_wconf 72' lang='lat' dir='ltr'><strong>ciprum</strong></span> <span class='ocrx_word' id='word_1_178' title='bbox 463 2425 569 2494; x_wconf 79' lang='lat' dir='ltr'><strong>eampis</strong></span> <span class='ocrx_word' id='word_1_179' title='bbox 598 2439 696 2493; x_wconf 77' lang='grc' dir='ltr'><em>αμιηειι</em></span> <span class='ocrx_word' id='word_1_180' title='bbox 728 2419 801 2497; x_wconf 87' lang='grc' dir='ltr'><strong><em>(ἰιιο.</em></strong></span> <span class='ocrx_word' id='word_1_181' title='bbox 832 2419 895 2478; x_wconf 90' lang='lat' dir='ltr'><strong>sed.</strong></span> <span class='ocrx_word' id='word_1_182' title='bbox 924 2417 1021 2496; x_wconf 87' lang='lat' dir='ltr'><strong>XVll)</strong></span> <span class='ocrx_word' id='word_1_183' title='bbox 1050 2418 1108 2478; x_wconf 91' lang='lat' dir='ltr'><strong>dici</strong></span> <span class='ocrx_word' id='word_1_184' title='bbox 1138 2420 1276 2485; x_wconf 87' lang='lat' dir='ltr'><strong>conicias,</strong></span> 
     </span>
     <span class='ocr_line' id='line_1_21' title="bbox 171 2520 1278 2597; baseline 0.001 -15"><span class='ocrx_word' id='word_1_185' title='bbox 171 2520 296 2597; x_wconf 76' lang='lat' dir='ltr'><strong>Pyrrhus</strong></span> <span class='ocrx_word' id='word_1_186' title='bbox 322 2532 418 2584; x_wconf 90' lang='lat' dir='ltr'><strong>autem</strong></span> <span class='ocrx_word' id='word_1_187' title='bbox 439 2542 503 2583; x_wconf 93' lang='lat' dir='ltr'><strong>cum</strong></span> <span class='ocrx_word' id='word_1_188' title='bbox 521 2525 698 2584; x_wconf 89' lang='lat' dir='ltr'><strong>iuuentutem</strong></span> <span class='ocrx_word' id='word_1_189' title='bbox 721 2525 904 2584; x_wconf 87' lang='lat' dir='ltr'><strong>Tarentinam</strong></span> <span class='ocrx_word' id='word_1_190' title='bbox 924 2524 1098 2583; x_wconf 89' lang='lat' dir='ltr'><strong>insolentem</strong></span> <span class='ocrx_word' id='word_1_191' title='bbox 1121 2532 1205 2583; x_wconf 90' lang='lat' dir='ltr'><strong>antea</strong></span> <span class='ocrx_word' id='word_1_192' title='bbox 1228 2525 1278 2583; x_wconf 92' lang='lat' dir='ltr'><strong>mi·</strong></span> 
     </span>
     <span class='ocr_line' id='line_1_22' title="bbox 171 2627 1278 2708; baseline 0.003 -22"><span class='ocrx_word' id='word_1_193' title='bbox 171 2627 249 2688; x_wconf 89' lang='lat' dir='ltr'><strong>litiae</strong></span> <span class='ocrx_word' id='word_1_194' title='bbox 277 2628 313 2688; x_wconf 95' lang='lat' dir='ltr'><strong>ad</strong></span> <span class='ocrx_word' id='word_1_195' title='bbox 340 2647 419 2690; x_wconf 90' lang='lat' dir='ltr'><strong>arma</strong></span> <span class='ocrx_word' id='word_1_196' title='bbox 443 2640 566 2707; x_wconf 81' lang='lat' dir='ltr'><strong>cogeret</strong></span> <span class='ocrx_word' id='word_1_197' title='bbox 595 2648 718 2708; x_wconf 90' lang='lat' dir='ltr'><strong>eamque</strong></span> <span class='ocrx_word' id='word_1_198' title='bbox 739 2631 874 2690; x_wconf 91' lang='lat' dir='ltr'><strong>inuidiam</strong></span> <span class='ocrx_word' id='word_1_199' title='bbox 902 2629 1077 2689; x_wconf 69' lang='lat' dir='ltr'><strong>‘satellitum</strong></span> <span class='ocrx_word' id='word_1_200' title='bbox 1100 2630 1278 2706; x_wconf 90' lang='lat' dir='ltr'><strong>quorundam</strong></span> 
     </span>
     <span class='ocr_line' id='line_1_23' title="bbox 170 2734 1280 2814; baseline 0.003 -23"><span class='ocrx_word' id='word_1_201' title='bbox 170 2735 315 2810; x_wconf 75' lang='lat' dir='ltr'><strong>regiorum</strong></span> <span class='ocrx_word' id='word_1_202' title='bbox 337 2736 545 2814; x_wconf 87' lang='lat' dir='ltr'><strong>intemperies&#39;</strong></span> <span class='ocrx_word' id='word_1_203' title='bbox 568 2745 708 2813; x_wconf 77' lang='lat' dir='ltr'><strong>augeret,</strong></span> <span class='ocrx_word' id='word_1_204' title='bbox 731 2738 798 2798; x_wconf 92' lang='lat' dir='ltr'><strong>inde</strong></span> <span class='ocrx_word' id='word_1_205' title='bbox 819 2735 1038 2796; x_wconf 85' lang='lat' dir='ltr'><strong>Tarentinorum</strong></span> <span class='ocrx_word' id='word_1_206' title='bbox 1060 2734 1164 2792; x_wconf 91' lang='lat' dir='ltr'><strong>ciuium</strong></span> <span class='ocrx_word' id='word_1_207' title='bbox 1185 2734 1280 2794; x_wconf 91' lang='lat' dir='ltr'><strong>taedia</strong></span> 
     </span>
     <span class='ocr_line' id='line_1_24' title="bbox 171 2831 1279 2921; baseline -0.001 -21"><span class='ocrx_word' id='word_1_208' title='bbox 171 2856 207 2900; x_wconf 81' lang='lat' dir='ltr'><strong>uc</strong></span> <span class='ocrx_word' id='word_1_209' title='bbox 226 2841 380 2919; x_wconf 83' lang='lat' dir='ltr'><strong>querellae</strong></span> <span class='ocrx_word' id='word_1_210' title='bbox 394 2841 574 2903; x_wconf 79' lang='lat' dir='ltr'><strong>occultiores</strong></span> <span class='ocrx_word' id='word_1_211' title='bbox 589 2850 686 2901; x_wconf 89' lang='lat' dir='ltr'><strong>ortae:</strong></span> <span class='ocrx_word' id='word_1_212' title='bbox 711 2832 815 2902; x_wconf 81' lang='grc' dir='ltr'><strong><em>ύττεῖττε</em></strong></span> <span class='ocrx_word' id='word_1_213' title='bbox 835 2834 864 2901; x_wconf 86' lang='lat' dir='ltr'><strong>d&#39;</strong></span> <span class='ocrx_word' id='word_1_214' title='bbox 888 2832 988 2914; x_wconf 83' lang='grc' dir='ltr'><strong><em>αὐτοῖς</em></strong></span> <span class='ocrx_word' id='word_1_215' title='bbox 1005 2837 1056 2900; x_wconf 79' lang='grc' dir='ltr'><strong>καὶ</strong></span> <span class='ocrx_word' id='word_1_216' title='bbox 1073 2831 1146 2921; x_wconf 75' lang='grc' dir='ltr'><strong><em>πρὸς</em></strong></span> <span class='ocrx_word' id='word_1_217' title='bbox 1166 2831 1279 2917; x_wconf 86' lang='grc' dir='ltr'><strong><em>συμττύ-</em></strong></span> 
     </span>
     <span class='ocr_line' id='line_1_25' title="bbox 171 2936 1281 3028; baseline -0.006 -21"><span class='ocrx_word' id='word_1_218' title='bbox 171 2962 222 3008; x_wconf 90' lang='grc' dir='ltr'><strong>σια</strong></span> <span class='ocrx_word' id='word_1_219' title='bbox 245 2945 297 3008; x_wconf 71' lang='grc' dir='ltr'><strong>καὶ</strong></span> <span class='ocrx_word' id='word_1_220' title='bbox 327 2940 444 3026; x_wconf 81' lang='grc' dir='ltr'><strong><em>κύμους</em></strong></span> <span class='ocrx_word' id='word_1_221' title='bbox 468 2937 679 3028; x_wconf 64' lang='grc' dir='ltr'><strong>ἀθροίζεσθαι,</strong></span> <span class='ocrx_word' id='word_1_222' title='bbox 706 2946 757 3008; x_wconf 80' lang='grc' dir='ltr'><strong>καὶ</strong></span> <span class='ocrx_word' id='word_1_223' title='bbox 784 2938 852 3018; x_wconf 84' lang='grc' dir='ltr'><strong><em>τούς</em></strong></span> <span class='ocrx_word' id='word_1_224' title='bbox 877 2947 1033 3024; x_wconf 82' lang='grc' dir='ltr'><strong><em>νεωτέρους</em></strong></span> <span class='ocrx_word' id='word_1_225' title='bbox 1051 2941 1084 3003; x_wconf 76' lang='grc' dir='ltr'><strong>ἐν</strong></span> <span class='ocrx_word' id='word_1_226' title='bbox 1100 2946 1160 3014; x_wconf 83' lang='grc' dir='ltr'><strong><em>τοῖς</em></strong></span> <span class='ocrx_word' id='word_1_227' title='bbox 1179 2936 1281 3013; x_wconf 73' lang='grc' dir='ltr'><strong><em>ὅπλοις</em></strong></span> 
     </span>
     <span class='ocr_line' id='line_1_26' title="bbox 171 3039 1280 3135; baseline -0.007 -23"><span class='ocrx_word' id='word_1_228' title='bbox 171 3042 331 3115; x_wconf 79' lang='grc' dir='ltr'><em>ἇσιιεῖσθαι</em></span> <span class='ocrx_word' id='word_1_229' title='bbox 350 3052 482 3115; x_wconf 60' lang='lat' dir='ltr'><strong>{relever</strong></span> <span class='ocrx_word' id='word_1_230' title='bbox 506 3043 528 3133; x_wconf 78' lang='grc' dir='ltr'><strong><em>ἦ</em></strong></span> <span class='ocrx_word' id='word_1_231' title='bbox 548 3044 729 3135; x_wconf 69' lang='grc' dir='ltr'><em>διημερεύειν</em></span> <span class='ocrx_word' id='word_1_232' title='bbox 750 3042 826 3111; x_wconf 76' lang='grc' dir='ltr'><strong><em>κατὰ</em></strong></span> <span class='ocrx_word' id='word_1_233' title='bbox 846 3042 901 3127; x_wconf 76' lang='grc' dir='ltr'><strong>τὴν</strong></span> <span class='ocrx_word' id='word_1_234' title='bbox 926 3039 1049 3129; x_wconf 69' lang='grc' dir='ltr'><strong>ἀγοράν.</strong></span> <span class='ocrx_word' id='word_1_235' title='bbox 1091 3040 1132 3117; x_wconf 78' lang='grc' dir='ltr'><strong>ὦς</strong></span> <span class='ocrx_word' id='word_1_236' title='bbox 1151 3044 1185 3105; x_wconf 79' lang='grc' dir='ltr'><strong>δέ</strong></span> <span class='ocrx_word' id='word_1_237' title='bbox 1204 3067 1280 3118; x_wconf 84' lang='grc' dir='ltr'><strong><em>τινες</em></strong></span> 
     </span>
     <span class='ocr_line' id='line_1_27' title="bbox 171 3147 1279 3239; baseline -0.009 -21"><span class='ocrx_word' id='word_1_238' title='bbox 171 3151 333 3239; x_wconf 75' lang='grc' dir='ltr'><em>ἇχθύμενοι</em></span> <span class='ocrx_word' id='word_1_239' title='bbox 352 3154 466 3231; x_wconf 76' lang='grc' dir='ltr'><strong><em>τούτοις</em></strong></span> <span class='ocrx_word' id='word_1_240' title='bbox 483 3152 694 3239; x_wconf 74' lang='grc' dir='ltr'><em>ὑπεχώρησαν,</em></span> <span class='ocrx_word' id='word_1_241' title='bbox 715 3147 865 3236; x_wconf 82' lang='grc' dir='ltr'><strong><em>φρουρούς</em></strong></span> <span class='ocrx_word' id='word_1_242' title='bbox 886 3153 919 3215; x_wconf 77' lang='lat' dir='ltr'><strong>ds</strong></span> <span class='ocrx_word' id='word_1_243' title='bbox 939 3157 998 3213; x_wconf 80' lang='grc' dir='ltr'><strong>τῶν</strong></span> <span class='ocrx_word' id='word_1_244' title='bbox 1010 3150 1127 3213; x_wconf 83' lang='grc' dir='ltr'><em>οἰκείων</em></span> <span class='ocrx_word' id='word_1_245' title='bbox 1142 3148 1279 3229; x_wconf 80' lang='grc' dir='ltr'><strong><em>κατέστη-</em></strong></span> 
     </span>
     <span class='ocr_line' id='line_1_28' title="bbox 173 3254 1281 3345; baseline -0.009 -20"><span class='ocrx_word' id='word_1_246' title='bbox 173 3282 239 3343; x_wconf 82' lang='grc' dir='ltr'><em>σεν,</em></span> <span class='ocrx_word' id='word_1_247' title='bbox 274 3257 347 3325; x_wconf 69' lang='grc' dir='ltr'><strong><em>ὥστε</em></strong></span> <span class='ocrx_word' id='word_1_248' title='bbox 372 3264 486 3345; x_wconf 73' lang='grc' dir='ltr'><em>μηδένα</em></span> <span class='ocrx_word' id='word_1_249' title='bbox 511 3263 618 3340; x_wconf 77' lang='grc' dir='ltr'><em>ἐξιέναι</em></span> <span class='ocrx_word' id='word_1_250' title='bbox 644 3267 695 3343; x_wconf 79' lang='grc' dir='ltr'><strong><em>τῆς</em></strong></span> <span class='ocrx_word' id='word_1_251' title='bbox 717 3257 836 3335; x_wconf 77' lang='grc' dir='ltr'><em>πόλεως.</em></span> <span class='ocrx_word' id='word_1_252' title='bbox 869 3263 900 3322; x_wconf 84' lang='grc' dir='ltr'><strong>οἱ</strong></span> <span class='ocrx_word' id='word_1_253' title='bbox 921 3258 953 3321; x_wconf 78' lang='grc' dir='ltr'><strong>δὲ</strong></span> <span class='ocrx_word' id='word_1_254' title='bbox 973 3254 1086 3330; x_wconf 78' lang='grc' dir='ltr'><strong><em>τούτοις</em></strong></span> <span class='ocrx_word' id='word_1_255' title='bbox 1111 3278 1141 3317; x_wconf 87' lang='grc' dir='ltr'><strong>τε</strong></span> <span class='ocrx_word' id='word_1_256' title='bbox 1170 3255 1221 3317; x_wconf 78' lang='grc' dir='ltr'><strong>καὶ</strong></span> <span class='ocrx_word' id='word_1_257' title='bbox 1243 3261 1281 3342; x_wconf 74' lang='grc' dir='ltr'><strong><em>τῇ</em></strong></span> 
     </span>
     <span class='ocr_line' id='line_1_29' title="bbox 173 3356 1281 3455; baseline -0.007 -23"><span class='ocrx_word' id='word_1_258' title='bbox 173 3371 296 3455; x_wconf 69' lang='grc' dir='ltr'><strong><em>χορτμίμ</em></strong></span> <span class='ocrx_word' id='word_1_259' title='bbox 319 3373 379 3431; x_wconf 79' lang='grc' dir='ltr'><strong>τῶν</strong></span> <span class='ocrx_word' id='word_1_260' title='bbox 400 3375 520 3452; x_wconf 81' lang='grc' dir='ltr'><strong><em>τρυφῶν</em></strong></span> <span class='ocrx_word' id='word_1_261' title='bbox 542 3366 737 3452; x_wconf 81' lang='grc' dir='ltr'><em>βαρυνόμενοι</em></span> <span class='ocrx_word' id='word_1_262' title='bbox 829 3367 1041 3448; x_wconf 83' lang='grc' dir='ltr'><em>μετεγίνωσιιον</em></span> <span class='ocrx_word' id='word_1_263' title='bbox 1068 3356 1209 3426; x_wconf 77' lang='grc' dir='ltr'><strong><em>δεσπότου</em></strong></span> <span class='ocrx_word' id='word_1_264' title='bbox 1231 3362 1281 3424; x_wconf 78' lang='grc' dir='ltr'><strong>καὶ</strong></span> 
     </span>
     <span class='ocr_line' id='line_1_30' title="bbox 172 3469 1281 3560; baseline -0.007 -22"><span class='ocrx_word' id='word_1_265' title='bbox 172 3473 237 3558; x_wconf 71' lang='grc' dir='ltr'><strong>οὐχὶ</strong></span> <span class='ocrx_word' id='word_1_266' title='bbox 259 3470 415 3556; x_wconf 73' lang='grc' dir='ltr'><strong>συμμάχου</strong></span> <span class='ocrx_word' id='word_1_267' title='bbox 436 3482 488 3538; x_wconf 83' lang='grc' dir='ltr'><strong><em>τοῦ</em></strong></span> <span class='ocrx_word' id='word_1_268' title='bbox 509 3472 636 3560; x_wconf 79' lang='grc' dir='ltr'><strong><em>Πύρρου</em></strong></span> <span class='ocrx_word' id='word_1_269' title='bbox 655 3472 840 3559; x_wconf 77' lang='grc' dir='ltr'><em>πειρώμενοι.</em></span> <span class='ocrx_word' id='word_1_270' title='bbox 886 3475 1015 3535; x_wconf 83' lang='lat' dir='ltr'><strong>Zonaras</strong></span> <span class='ocrx_word' id='word_1_271' title='bbox 1037 3469 1105 3530; x_wconf 90' lang='lat' dir='ltr'><strong>Vlll</strong></span> <span class='ocrx_word' id='word_1_272' title='bbox 1127 3470 1146 3530; x_wconf 92' lang='grc'>2</span> <span class='ocrx_word' id='word_1_273' title='bbox 1166 3489 1195 3550; x_wconf 89' lang='lat' dir='ltr'><strong>p.</strong></span> <span class='ocrx_word' id='word_1_274' title='bbox 1221 3470 1281 3531; x_wconf 81' lang='lat'><strong>109</strong></span> 
     </span>
     <span class='ocr_line' id='line_1_31' title="bbox 173 3577 1280 3659; baseline -0.008 -16"><span class='ocrx_word' id='word_1_275' title='bbox 173 3584 220 3647; x_wconf 89' lang='lat' dir='ltr'><strong>ed.</strong></span> <span class='ocrx_word' id='word_1_276' title='bbox 240 3584 333 3646; x_wconf 82' lang='lat' dir='ltr'><strong>Bonn</strong></span> <span class='ocrx_word' id='word_1_277' title='bbox 357 3581 403 3647; x_wconf 80' lang='lat' dir='ltr'><strong>Cf.</strong></span> <span class='ocrx_word' id='word_1_278' title='bbox 426 3583 596 3644; x_wconf 89' lang='lat' dir='ltr'><strong>Plutarchus</strong></span> <span class='ocrx_word' id='word_1_279' title='bbox 619 3583 720 3659; x_wconf 80' lang='lat' dir='ltr'><strong>Pyrrhi</strong></span> <span class='ocrx_word' id='word_1_280' title='bbox 742 3602 768 3648; x_wconf 88' lang='lat' dir='ltr'><strong>c.</strong></span> <span class='ocrx_word' id='word_1_281' title='bbox 794 3584 832 3644; x_wconf 88' lang='lat'><strong>16</strong></span> <span class='ocrx_word' id='word_1_282' title='bbox 854 3593 883 3643; x_wconf 89' lang='lat' dir='ltr'><strong>et</strong></span> <span class='ocrx_word' id='word_1_283' title='bbox 907 3579 1057 3659; x_wconf 79' lang='lat' dir='ltr'><strong>Appianus</strong></span> <span class='ocrx_word' id='word_1_284' title='bbox 1073 3577 1146 3637; x_wconf 84' lang='lat' dir='ltr'><strong>Exc.</strong></span> <span class='ocrx_word' id='word_1_285' title='bbox 1161 3577 1280 3641; x_wconf 84' lang='lat' dir='ltr'><strong>Samnit.</strong></span> 
     </span>
     <span class='ocr_line' id='line_1_32' title="bbox 174 3687 1281 3768; baseline -0.01 -17"><span class='ocrx_word' id='word_1_286' title='bbox 174 3688 236 3751; x_wconf 85' lang='lat' dir='ltr'><strong>linc</strong></span> <span class='ocrx_word' id='word_1_287' title='bbox 258 3692 346 3768; x_wconf 73' lang='lat' dir='ltr'><strong>igitur</strong></span> <span class='ocrx_word' id='word_1_288' title='bbox 365 3689 466 3749; x_wconf 80' lang='lat' dir='ltr'><strong>refero</strong></span> <span class='ocrx_word' id='word_1_289' title='bbox 488 3691 524 3749; x_wconf 88' lang='lat' dir='ltr'><strong>ir.</strong></span> <span class='ocrx_word' id='word_1_290' title='bbox 549 3688 599 3762; x_wconf 85' lang='lat' dir='ltr'><strong>v1,</strong></span> <span class='ocrx_word' id='word_1_291' title='bbox 623 3690 700 3766; x_wconf 92' lang='lat' dir='ltr'><strong>quod</strong></span> <span class='ocrx_word' id='word_1_292' title='bbox 723 3691 871 3767; x_wconf 87' lang='lat' dir='ltr'><strong>posterius</strong></span> <span class='ocrx_word' id='word_1_293' title='bbox 894 3687 1017 3765; x_wconf 90' lang='lat' dir='ltr'><strong>septimo</strong></span> <span class='ocrx_word' id='word_1_294' title='bbox 1042 3694 1207 3761; x_wconf 89' lang='lat' dir='ltr'><strong>octauoque</strong></span> <span class='ocrx_word' id='word_1_295' title='bbox 1230 3699 1281 3760; x_wconf 93' lang='lat' dir='ltr'><strong>po·</strong></span> 
     </span>
     <span class='ocr_line' id='line_1_33' title="bbox 175 3787 1279 3873; baseline -0.013 -15"><span class='ocrx_word' id='word_1_296' title='bbox 175 3815 245 3858; x_wconf 90' lang='lat' dir='ltr'><strong>nere</strong></span> <span class='ocrx_word' id='word_1_297' title='bbox 276 3795 429 3860; x_wconf 84' lang='lat' dir='ltr'><strong>debebam.</strong></span> <span class='ocrx_word' id='word_1_298' title='bbox 485 3795 595 3855; x_wconf 89' lang='lat' dir='ltr'><strong>Romae</strong></span> <span class='ocrx_word' id='word_1_299' title='bbox 625 3797 750 3870; x_wconf 86' lang='lat' dir='ltr'><strong>interea,</strong></span> <span class='ocrx_word' id='word_1_300' title='bbox 792 3796 870 3873; x_wconf 94' lang='lat' dir='ltr'><strong>quod</strong></span> <span class='ocrx_word' id='word_1_301' title='bbox 904 3792 1032 3854; x_wconf 88' lang='lat' dir='ltr'><strong>conditio</strong></span> <span class='ocrx_word' id='word_1_302' title='bbox 1060 3793 1102 3850; x_wconf 90' lang='lat' dir='ltr'><strong>rei</strong></span> <span class='ocrx_word' id='word_1_303' title='bbox 1131 3787 1279 3865; x_wconf 81' lang='lat' dir='ltr'><strong>exigebat,</strong></span> 
     </span>
     <span class='ocr_line' id='line_1_34' title="bbox 174 3893 1280 3983; baseline -0.018 -18"><span class='ocrx_word' id='word_1_304' title='bbox 174 3904 347 3983; x_wconf 79' lang='lat' dir='ltr'><strong>adparatus,</strong></span> <span class='ocrx_word' id='word_1_305' title='bbox 363 3913 394 3963; x_wconf 94' lang='lat' dir='ltr'><strong>ut</strong></span> <span class='ocrx_word' id='word_1_306' title='bbox 409 3903 514 3962; x_wconf 84' lang='lat' dir='ltr'><strong>Florus</strong></span> <span class='ocrx_word' id='word_1_307' title='bbox 529 3901 609 3979; x_wconf 87' lang='lat' dir='ltr'><strong>Epit.</strong></span> <span class='ocrx_word' id='word_1_308' title='bbox 626 3900 639 3959; x_wconf 93' lang='lat'>1</span> <span class='ocrx_word' id='word_1_309' title='bbox 656 3900 693 3960; x_wconf 87' lang='lat'><strong>13</strong></span> <span class='ocrx_word' id='word_1_310' title='bbox 712 3917 741 3976; x_wconf 90' lang='lat' dir='ltr'><strong>p.</strong></span> <span class='ocrx_word' id='word_1_311' title='bbox 760 3896 800 3954; x_wconf 89' lang='grc'><strong>22</strong></span> <span class='ocrx_word' id='word_1_312' title='bbox 816 3896 899 3957; x_wconf 84' lang='lat' dir='ltr'><strong>Jahn.</strong></span> <span class='ocrx_word' id='word_1_313' title='bbox 919 3897 974 3970; x_wconf 86' lang='lat' dir='ltr'><strong>ait,</strong></span> <span class='ocrx_word' id='word_1_314' title='bbox 990 3894 1153 3954; x_wconf 87' lang='lat' dir='ltr'><strong>horribilis:</strong></span> <span class='ocrx_word' id='word_1_315' title='bbox 1170 3893 1206 3951; x_wconf 93' lang='lat' dir='ltr'><strong>de</strong></span> <span class='ocrx_word' id='word_1_316' title='bbox 1223 3905 1280 3965; x_wconf 93' lang='lat' dir='ltr'><strong>quo</strong></span> 
     </span>
     <span class='ocr_line' id='line_1_35' title="bbox 175 3994 1281 4090; baseline -0.02 -19"><span class='ocrx_word' id='word_1_317' title='bbox 175 4011 262 4090; x_wconf 85' lang='lat' dir='ltr'><strong>paulo</strong></span> <span class='ocrx_word' id='word_1_318' title='bbox 276 4010 359 4090; x_wconf 80' lang='lat' dir='ltr'><strong>plura</strong></span> <span class='ocrx_word' id='word_1_319' title='bbox 375 3999 496 4068; x_wconf 72' lang='lat' dir='ltr'><strong>Orosius</strong></span> <span class='ocrx_word' id='word_1_320' title='bbox 519 4007 558 4066; x_wconf 87' lang='lat' dir='ltr'><strong>lv</strong></span> <span class='ocrx_word' id='word_1_321' title='bbox 576 4007 586 4063; x_wconf 89' lang='grc'>1</span> <span class='ocrx_word' id='word_1_322' title='bbox 615 4006 714 4065; x_wconf 86' lang='lat' dir='ltr'><strong>trudit:</strong></span> <span class='ocrx_word' id='word_1_323' title='bbox 738 4008 835 4062; x_wconf 84' lang='lat' dir='ltr'><strong>bellum</strong></span> <span class='ocrx_word' id='word_1_324' title='bbox 850 4009 945 4079; x_wconf 73' lang='lat' dir='ltr'><strong>inpetro</strong></span> <span class='ocrx_word' id='word_1_325' title='bbox 959 4010 1087 4060; x_wconf 76' lang='lat' dir='ltr'><strong>exortum</strong></span> <span class='ocrx_word' id='word_1_326' title='bbox 1101 4008 1142 4056; x_wconf 81' lang='lat' dir='ltr'><strong>rat</strong></span> <span class='ocrx_word' id='word_1_327' title='bbox 1156 3994 1281 4072; x_wconf 84' lang='lat' dir='ltr'><strong>(Turen-</strong></span> 
     </span>
     <span class='ocr_line' id='line_1_36' title="bbox 174 4109 1281 4194; baseline -0.02 -18"><span class='ocrx_word' id='word_1_328' title='bbox 174 4116 261 4176; x_wconf 86' lang='lat' dir='ltr'><strong>tiuum</strong></span> <span class='ocrx_word' id='word_1_329' title='bbox 276 4115 375 4194; x_wconf 86' lang='lat' dir='ltr'><strong>dicit).</strong></span> <span class='ocrx_word' id='word_1_330' title='bbox 399 4121 540 4175; x_wconf 84' lang='lat' dir='ltr'><strong>Romanos</strong></span> <span class='ocrx_word' id='word_1_331' title='bbox 559 4119 609 4189; x_wconf 82' lang='lat' dir='ltr'><strong>qui</strong></span> <span class='ocrx_word' id='word_1_332' title='bbox 628 4117 776 4187; x_wconf 81' lang='lat' dir='ltr'><strong>qrranlique</strong></span> <span class='ocrx_word' id='word_1_333' title='bbox 796 4113 887 4169; x_wconf 81' lang='lat' dir='ltr'><strong>hostes</strong></span> <span class='ocrx_word' id='word_1_334' title='bbox 901 4109 1160 4178; x_wconf 62' lang='lat' dir='ltr'><strong>circumstreperent</strong></span> <span class='ocrx_word' id='word_1_335' title='bbox 1168 4116 1281 4173; x_wconf 81' lang='lat' dir='ltr'><strong>perme-</strong></span> 
     </span>
     <span class='ocr_line' id='line_1_37' title="bbox 174 4215 1281 4363; baseline -0.018 -80"><span class='ocrx_word' id='word_1_336' title='bbox 174 4230 269 4283; x_wconf 76' lang='lat' dir='ltr'><strong>tientes</strong></span> <span class='ocrx_word' id='word_1_337' title='bbox 294 4228 389 4283; x_wconf 81' lang='lat' dir='ltr'><strong>ulis&#39;mu</strong></span> <span class='ocrx_word' id='word_1_338' title='bbox 417 4225 509 4298; x_wconf 70' lang='lat' dir='ltr'><strong>adepti</strong></span> <span class='ocrx_word' id='word_1_339' title='bbox 532 4225 682 4279; x_wconf 76' lang='lat' dir='ltr'><strong>necessitas</strong></span> <span class='ocrx_word' id='word_1_340' title='bbox 702 4222 871 4293; x_wconf 82' lang='lat' dir='ltr'><strong>proletarios</strong></span> <span class='ocrx_word' id='word_1_341' title='bbox 896 4229 1003 4288; x_wconf 82' lang='lat' dir='ltr'><strong>quoque</strong></span> <span class='ocrx_word' id='word_1_342' title='bbox 1024 4215 1155 4363; x_wconf 69' lang='lat' dir='ltr'><strong>indorum</strong></span> <span class='ocrx_word' id='word_1_343' title='bbox 1175 4221 1281 4278; x_wconf 77' lang='lat' dir='ltr'><strong>cepere,</strong></span> 
     </span>
     <span class='ocr_line' id='line_1_38' title="bbox 216 4328 331 4385; baseline -0.017 0"><span class='ocrx_word' id='word_1_344' title='bbox 216 4328 331 4385; x_wconf 85' lang='lat' dir='ltr'><strong>Ennrvs.</strong></span> 
     </span>
    </p>
   </div>
   <div class='ocr_carea' id='block_1_3' title="bbox 0 0 1479 4942">
    <p class='ocr_par' dir='ltr' id='par_1_3' title="bbox 0 0 1479 4942">
     <span class='ocr_line' id='line_1_39' title="bbox 0 0 1479 4942; baseline 0 0"><span class='ocrx_word' id='word_1_345' title='bbox 0 0 1479 4942; x_wconf 95' lang='lat' dir='ltr'><strong> </strong></span> 
     </span>
    </p>
   </div>
  </div>
 </body>
</html>
