2932 4942
712 320 945 378 sanativis

696 586 856 671 tinuit
886 585 964 669 lllll

824 795 839 866 Ι

285 920 384 982 370.
438 965 446 981 .
499 911 586 981 satin
606 915 701 983 nates
721 915 839 985 uerant
856 915 964 985 aetate
983 913 1017 983 in
1039 912 1195 1006 agenda?

842 1046 858 1086 3

376 1152 474 1246 lsque
491 1151 709 1244 Hellesponto
727 1049 863 1244 ponldm
879 1150 1048 1222 contendit
1066 1149 1099 1219 in
1118 1149 1196 1220 alto.

376 1388 450 1473 Quo
473 1413 528 1461 res
548 1412 650 1482 sapsa
670 1391 745 1462 loco
763 1289 850 1462 sesllel
856 1393 1069 1483 ostentatque
1087 1389 1244 1483 iubetque

374 1629 517 1699 Annibal
539 1631 655 1701 audaci
673 1654 748 1702 cum
768 1529 903 1725 pelolyore
922 1633 963 1701 de
982 1652 1035 1700 me
1054 1630 1205 1700 hortatur

373 1733 421 1802 Ne
440 1733 560 1804 bellum
582 1735 716 1806 faciam:
742 1759 841 1830 quem
862 1734 999 1807 eredidit
1022 1755 1099 1804 esse
1119 1753 1229 1805 meum
1252 1753 1310 1801 cor

283 1844 345 1906 375
373 1835 554 1908 Suasorem
577 1860 741 1909 summum
762 1845 795 1910 et
816 1840 1004 1911 studiosum
1022 1837 1155 1945 notiore
1164 1834 1250 1905 belli.
1319 1820 1462 1904 (nt-vr?

373 2075 544 2149 Matronae
562 2100 696 2150 moeros
714 1977 881 2172 compidnt
899 2081 1050 2170 spectare
1068 2077 1230 2147 fauentes.
1291 2072 1297 2084 '

303 2299 391 2348 Lissa
407 2297 468 2347 Xlll
503 2298 630 2350 1Cellius
648 2301 732 2351 xviii
752 2302 769 2351 2
793 2302 952 2364 ‘quaesitum
976 2299 1026 2350 hoo
1049 2298 1232 2361 est„uerbum
1255 2304 1385 2356 nerant,

269 2368 338 2433 quod
358 2367 487 2434 signifieat
509 2384 572 2419 uera
595 2371 695 2431 dieunt,
724 2372 843 2435 quisnam
866 2380 986 2422 ueterum
1007 2371 1141 2435 poetarum
1166 2367 1280 2418 dixerit?
1299 2394 1335 2404 -
1351 2393 1386 2404 -

269 2439 349 2489 Nemo
364 2439 432 2487 enim
444 2446 498 2487 turn
510 2442 732 2505 commeminerat3
756 2441 853 2491 dietum
866 2457 924 2491 esse
937 2455 953 2490 a
965 2439 994 2499 Q.
1009 2440 1093 2489 Ennio
1105 2438 1133 2488 id
1146 2438 1253 2489 uerbum
1271 2440 1298 2487 in
1312 2439 1385 2488 tertio
1456 2456 1460 2464 ·

269 2508 369 2559 deoimo
391 2507 521 2557 annalium
540 2509 566 2558 in
586 2511 635 2559 isto
655 2526 747 2561 uersu:
772 2511 852 2571 satia’
872 2527 894 2562 e.
916 2527 941 2574 q.
961 2525 983 2560 s.
1054 2509 1077 2558 11
1097 2509 1180 2558 Varro
1200 2508 1232 2557 de
1250 2508 1279 2557 L.
1294 2508 1325 2556 L.
1339 2507 1386 2556 Vll

269 2577 344 2629 alni.
362 2577 454 2640 ‘quasi
467 2577 663 2643 Hellespontum
677 2588 702 2630 et
714 2580 839 2631 elaustro:
852 2580 973 2639 sinistra,
987 2579 1057 2642 quod
1070 2577 1171 2628 Xerxes
1186 2579 1314 2640 quondam
1328 2592 1387 2636 eum

268 2648 353 2698 loourn
365 2646 471 2705 elansit;
491 2662 550 2698 uam
568 2657 595 2698 ut
607 2650 705 2700 Ennius
718 2650 767 2703 ait:
785 2651 911 2715 isque'le.
928 2667 952 2714 q.
968 2665 990 2700 a.
1019 2649 1046 2697 ln
1066 2647 1134 2696 hunc
1152 2647 1245 2697 librum
1260 2647 1386 2713 relegauit

268 2717 367 2776 Merula
435 2717 469 2766 111
488 2717 580 2767 Festus
598 2735 625 2784 p.
645 2718 697 2771 325
712 2719 746 2769 Μ.
773 2725 838 2770 ‘aas
859 2721 966 2770 Verrius
987 2725 1060 2784 putat
1083 2717 1229 2783 siguificare
1253 2733 1298 2767 eas
1321 2723 1386 2766 testa

268 2787 360 2846 Ennio,
375 2787 419 2848 qui
432 2786 501 2836 dieat
512 2787 538 2837 in
551 2787 568 2836 l.
581 2789 603 2837 l:
622 2787 707 2854 [LX],
727 2805 785 2839 curn
799 2805 859 2839 suas
873 2790 957 2856 magis
969 2787 1089 2838 uideatur
1100 2786 1257 2853 siguificare.
1274 2787 1322 2837 sed
1335 2787 1386 2835 uti·

268 2873 317 2921 que
331 2855 446 2907 eiusdem
459 2856 476 2911 l.
488 2856 532 2908 Uli
543 2856 676 2908 latendum
689 2865 728 2908 est
738 2874 794 2909 earn
807 2858 948 2926 significari
958 2868 1015 2908 oum
1028 2858 1076 2907 ait:
1092 2856 1149 2923 [Vll
1159 2856 1192 2906 fr.
1204 2855 1236 2922 li]
1252 2858 1312 2907 item
1327 2870 1385 2905 num

267 2928 303 2976 ait
316 2940 444 2991 sapsam
457 2941 505 2992 pro
518 2928 577 2993 ipsa
590 2944 638 2979 nee
649 2929 715 2990 alia,
741 2929 810 2993 quod
822 2930 894 2995 ponit
908 2930 935 2978 in
948 2929 965 2978 l.
980 2928 1038 2978 Xlll
1053 2927 1103 2976 ...'
1131 2926 1226 2976 Paulus
1243 2942 1270 2992 p.
1286 2926 1338 2978 324
1348 2924 1383 2974 M.

156 3032 166 3055 ,
267 2997 460 3062 ‘sapsaipsa¹
477 2997 777 3063 ldemEnuius:quo’e.
787 3017 811 3064 q.
820 3016 841 3049 s.
915 2999 950 3048 lV
966 2997 1065 3048 Gellius
1079 2997 1155 3047 viia
1170 2996 1288 3061 ‘scripsit
1299 3002 1384 3044 autern

267 3066 422 3126 Caesellius,
448 3065 477 3125 Q.
498 3068 608 3118 Ennium
628 3070 653 3118 in
673 3068 732 3119 Xlll
745 3069 811 3120 libro
834 3069 978 3119 annalium'
995 3067 1056 3132 (llll
1076 3066 1216 3116 deteriores
1235 3065 1304 3115 libri.
1326 3064 1385 3114 Xlll

265 3151 331 3186 eorr.
349 3143 377 3185 ut
395 3136 450 3185 uid.
471 3152 503 3187 ex
520 3137 568 3187 Xll
580 3136 660 3202 Van).
674 3142 733 3189 ‘eor
752 3140 852 3189 dixisse
870 3138 1014 3188 masculino
1030 3151 1134 3204 genere.
1160 3136 1248 3185 Verba
1264 3133 1384 3186 Caesellii

265 3207 380 3257 subiecta
393 3214 464 3256 sunt:
483 3208 625 3259 masculino
638 3224 733 3275 genere
747 3223 805 3272 eor,
823 3215 852 3257 ut
863 3209 944 3259 multa
957 3208 1023 3270 alia,
1042 3207 1184 3257 enuntiauit
1195 3206 1305 3255 Ennius:
1324 3218 1385 3253 nam

265 3278 291 3327 in
303 3276 362 3326 Xlll
374 3275 460 3325 annali
470 3291 545 3339 quem
556 3292 600 3328 cor
614 3279 689 3329 dixit.
710 3279 727 3330 3
740 3278 868 3344 Asaripsit
879 3278 973 3328 deinde
985 3292 1077 3327 uersus
1087 3276 1163 3326 Ennii
1178 3275 1242 3325 duo:
1258 3270 1383 3341 [373.74]

266 3344 408 3396 Antiochus
421 3352 459 3394 est
472 3346 516 3408 qui
531 3346 581 3396 hoo
592 3347 656 3398 dicit
669 3348 747 3398 Asiae
759 3349 819 3398 rex’
835 3365 858 3398 e.
873 3364 899 3411 q.
914 3363 936 3397 s.
966 3346 1031 3397 ‘hoe
1046 3345 1188 3397 Caesellius
1204 3345 1322 3408 quidem,
1338 3342 1384 3392 sed

265 3415 338 3465 aliud
357 3412 434 3479 longe
452 3414 559 3480 Ennius.
586 3411 682 3467 CNam
701 3410 755 3467 tres
772 3433 864 3468 uersus
882 3424 954 3476 sunt,
974 3431 1024 3466 non
1043 3414 1093 3466 duo
1109 3415 1143 3465 ad
1156 3415 1223 3465 hanc
1237 3415 1312 3464 Ennii
1325 3427 1384 3462 sen-

252 3484 369 3535 ¹tentiam
392 3483 562 3548 pertinentes,
593 3501 626 3535 ex
647 3486 740 3549 quibus
759 3488 862 3536 tertium
886 3501 990 3538 uersum
1015 3485 1157 3536 Caesellius
1182 3499 1232 3535 uon
1255 3483 1382 3549 respexit:

265 3552 337 3621 [373.
352 3552 395 3600 74.
412 3549 476 3617 75].’
493 3552 591 3603 Nonius
601 3571 627 3620 p.
642 3553 700 3614 195,
712 3554 746 3606 19
758 3560 826 3607 ‘eor
837 3557 940 3622 generis
954 3563 994 3605 est
1005 3557 1097 3614 neutri,
1111 3561 1139 3604 ut
1150 3555 1257 3605 dubium
1270 3568 1321 3602 nou
1334 3560 1382 3602 est.

263 3621 399 3673 Masoulini
409 3621 507 3672 Ennius
519 3621 565 3672 lib.
573 3623 643 3674 Xill:
661 3623 734 3691 [373.
749 3622 814 3691 74].’
885 3627 909 3676 V
922 3625 1029 3676 Seruius
1041 3625 1168 3692 iuGeorg.
1184 3626 1196 3675 l
1210 3624 1242 3676 18
1256 3623 1384 3673 ‘lauare

304 3798 358 3857 370
377 3811 478 3853 uersus
496 3803 525 3854 at
541 3799 652 3855 innatas
668 3799 739 3874 Καρ.
754 3819 841 3858 uersu
858 3807 1012 3858 sannuates
1025 3801 1115 3874 Laod.
1131 3815 1228 3856 uersu.
1243 3805 1288 3856 sat
1302 3799 1383 3855 inua-

262 3888 305 3940 tes
327 3880 406 3940 Voss.
425 3881 465 3956 cs.
480 3897 570 3956 supro
675 3888 728 3945 373
747 3887 1004 3953 ostentatPoutus‚
1027 3887 1080 3943 ret.
1095 3902 1149 3942 om.
1256 3886 1311 3943 373
1324 3883 1383 3939 Aa·

262 3968 339 4026 nibal
351 3966 429 4024 lesit.
443 3967 535 4026 Nonii.
546 3969 685 4026 Hannibal
696 3974 782 4028 ceteri
791 3971 882 4041 Nonii,
895 3971 996 4029 Cellius
1072 3969 1185 4026 laudeni
1197 3969 1303 4027 Nonius

262 4076 339 4145 eum]
353 4074 420 4131 darn
434 4075 498 4141 ltdri
514 4075 593 4134 Gellii
608 4081 624 4142 s
641 4080 668 4134 9.
691 4093 738 4133 um
762 4077 878 4134 Nonius.
898 4079 971 4134 inter
988 4077 1090 4134 audaci
1104 4081 1131 4133 et
1144 4075 1225 4132 dum:
1252 4074 1304 4153 (ζεῖ
1313 4050 1384 4155 Q

262 4158 390 4217 Rottsnd.
403 4160 536 4227 atissa
606 4162 721 4233 peciore
733 4162 862 4220 Rottend.
875 4163 955 4219 Getta
962 4167 979 4228 s
991 4168 1008 4220 5
1061 4161 1244 4231 dehortatur,
1256 4181 1309 4220 om.
1324 4183 1380 4233 me,

261 4244 442 4313 martas
453 4253 480 4305 5.
493 4234 565 4303 ''de''
579 4264 623 4303 me
636 4246 762 4305 hortatur
783 4248 844 4306 Vot.
856 4251 901 4316 §9
915 4236 974 4318 (Μ
988 4249 1111 4316 uisne.)
1196 4250 1250 4310 376
1265 4266 1380 4308 moeros
