2932 4942
590 334 820 390 ΕΝΝΙΑΝΑΕ
1203 344 1264 394 XCI

150 497 234 556 dictis
266 514 300 556 ac
335 499 500 575 praeceptis
531 497 568 556 de
599 499 726 559 moribus
748 499 946 574 distinxisset,
975 497 1095 558 Ennium
1121 500 1261 561 credibile

149 613 193 661 est
216 603 281 662 inde
299 602 381 661 lmirrs
401 605 519 679 generis
545 621 619 681 quae
651 607 713 665 usui
748 607 930 680 uiderentur,
962 606 1142 693 expiscatum
1176 623 1259 665 esse:

148 727 317 787 quamquam
350 711 456 768 certius
494 709 624 770 iudicare
661 720 718 770 tam
748 711 832 771 Ennii
863 729 947 790 quam
982 710 1097 770 Sotadis
1125 711 1260 788 reliquia·

148 833 209 873 rom
236 816 361 874 tenuitas
392 834 449 875 non
479 818 554 876 sinit.
604 817 777 894 Fragmenta
807 827 864 876 tam
898 826 977 875 certa
1007 834 1090 894 qoam
1117 815 1261 893 probabili

148 923 315 979 coniectura
339 921 394 983 buc
421 923 512 982 relata
537 932 630 981 metro
654 923 791 983 Sotadico
823 923 1003 999 conscripta:
1030 932 1058 980 at
1086 940 1141 981 neo
1168 922 1260 981 solius

147 1028 230 1087 metri
246 1045 333 1086 causa
346 1027 402 1086 boc
414 1021 519 1086 nomeu
535 1031 651 1090 carmini
666 1032 845 1107 inscriptum,
863 1047 917 1088 uec
933 1027 1016 1087 buius
1031 1030 1140 1086 numeri
1157 1046 1260 1087 uersus

147 1133 270 1194 Enniani
293 1152 394 1194 omnes
416 1137 478 1195 iure
501 1137 536 1196 ad
561 1137 618 1195 boc
637 1145 740 1214 poema
767 1137 948 1195 referuntur:
979 1134 1056 1210 quod
1081 1134 1189 1210 llogius
1210 1151 1259 1193 uo·

149 1241 214 1300 luit:
239 1243 287 1319 qui
306 1260 370 1300 cum
389 1260 454 1300 eum
475 1260 562 1320 quem
578 1241 606 1299 in
620 1249 725 1318 quarto
735 1251 892 1301 saturarum
908 1241 1040 1319 ⁴adposui
1063 1251 1156 1299 metro
1176 1241 1259 1300 Sota-

148 1347 205 1407 deo
234 1348 460 1425 descripsisset,
497 1349 526 1406 in
554 1346 609 1406 hac
632 1356 746 1422 satura,
783 1367 867 1426 quam
894 1364 952 1406 uon
979 1346 1123 1406 diuersam
1151 1347 1260 1406 aSota

148 1451 263 1527 babuit,
290 1454 427 1532 quidquid
457 1473 494 1514 ex
515 1454 599 1514 Ennii
628 1454 822 1514 Sotadeorum
852 1456 955 1513 citatur
988 1453 1139 1512 conlocari
1166 1453 1258 1511 iussit.

149 1556 234 1630 Quod
255 1576 306 1617 cur
329 1561 456 1636 probare
480 1579 639 1640 nequeam,
662 1560 701 1620 ibi
722 1561 780 1621 diui
803 1561 852 1620 ubi
873 1559 909 1619 de
929 1559 981 1619 illo
1004 1567 1165 1618 saturarum
1183 1557 1258 1617 libro

148 1665 287 1741 exposui:
312 1675 399 1743 atque
423 1677 452 1726 ut
477 1666 563 1727 luerit
584 1668 655 1726 Sota
682 1684 750 1745 pars
775 1676 951 1741 saturarum,
980 1683 1038 1724 non
1060 1673 1105 1722 est
1126 1683 1177 1723 cur
1202 1673 1259 1723 tam
1344 1686 1345 1690 ¹

148 1779 210 1831 arte
239 1772 268 1831 in
294 1772 351 1834 boc
379 1780 466 1850 poeta
493 1775 556 1831 eins
587 1775 698 1831 numeri
730 1792 811 1833 usum
850 1772 1135 1845 circumscribamus,
1174 1789 1260 1848 qoem

149 1883 254 1951 postea
275 1877 356 1936 multi
383 1887 490 1956 poetae
513 1895 571 1937 nou
593 1881 621 1938 in
644 1882 771 1940 saturico
795 1888 901 1939 tantum
924 1895 1035 1954 genere
1058 1875 1258 1936 adhibuerunt.

234 1981 278 2041 Ad
307 1993 418 2044 saturas
445 1987 546 2044 nescio
577 2005 613 2046 an
643 1996 726 2046 recte
753 1987 918 2045 referantur
946 1982 1161 2059 Praecepta
1195 1983 1259 2041 siue

146 2086 424 2166 Protrepticus:
455 2109 519 2150 nam
546 2093 624 2170 quod
653 2102 681 2151 et
702 2092 812 2169 Hugius
837 2092 907 2151 uidit
930 2100 958 2150 et
981 2091 1044 2167 ipse
1072 2089 1167 2147 statim
1189 2105 1258 2146 oon·

145 2195 217 2268 ieci,
248 2196 291 2253 sic
320 2194 475 2272 dupliciter
503 2205 591 2275 potita
614 2208 643 2257 et
661 2199 759 2258 Latine
779 2206 808 2257 et
828 2196 941 2257 Graece
977 2212 1062 2254 unum
1091 2194 1195 2253 librum
1217 2195 1258 2252 in·

146 2300 279 2377 scripsit:
302 2300 340 2359 de
362 2302 443 2360 cuius
465 2303 563 2362 indole
586 2305 651 2365 libri
673 2324 707 2366 ac
729 2304 849 2365 materia
871 2302 958 2381 plane
979 2301 1120 2360 caecutio.
1165 2298 1257 2375 Frag-

146 2416 242 2465 mento
271 2406 365 2465 altero
394 2406 535 2469 Columna
564 2428 593 2488 p.
624 2412 682 2471 191
711 2429 770 2471 nou
795 2412 893 2487 inepte
915 2417 995 2486 putat
1018 2407 1258 2484 ‘comparatione

146 2532 184 2572 ex
205 2513 355 2590 agricolae
378 2512 527 2588 diligentia
549 2515 634 2574 ducta
657 2524 773 2594 poetam
793 2516 939 2574 monuisse
961 2519 1116 2588 corruptos
1136 2528 1257 2588 prauos·

145 2638 203 2697 que
229 2618 457 2678 adulescentium
479 2638 593 2696 mores,
622 2633 774 2702 antequam
795 2623 939 2682 lirmiores
961 2621 988 2677 in
1012 2628 1130 2676 teneros
1158 2635 1258 2676 eorum

146 2725 256 2782 animos
287 2723 401 2783 radices
430 2736 516 2802 agant
549 2737 578 2786 et
600 2731 689 2788 maius
723 2728 864 2807 temporis
887 2725 1069 2784 diuturnitate
1099 2725 1258 2801 suscipiant

146 2831 373 2904 incrementum,
401 2832 585 2891 suasionibus
606 2833 690 2890 minis
711 2831 943 2909 uerberibusque
970 2829 1096 2890 funditus
1115 2847 1182 2887 esse
1206 2847 1256 2887 ex·

145 2935 310 3013 tirpandos:
334 2938 412 3014 quod
436 2939 551 3016 quidem
575 2937 701 3016 prudens
724 2935 948 3013 paterfamilias
967 2950 1023 2991 non
1045 2934 1148 2992 minori
1171 2933 1256 2992 scdu-

144 3042 223 3102 litate
258 3041 379 3100 allicere
414 3040 522 3100 debeat
556 3060 640 3118 quam
671 3051 811 3120 expertus
844 3038 991 3116 agricola,
1029 3039 1076 3114 qui
1106 3037 1153 3096 ubi
1179 3038 1258 3097 uidet

144 3165 264 3209 auenam
298 3147 397 3206 lolium
427 3164 566 3206 crescere
600 3149 675 3208 inter
707 3149 832 3208 triticum
866 3145 973 3220 selegit
1005 3142 1133 3201 secernit
1162 3140 1259 3202 aufert

145 3254 278 3315 sedulo)

229 3359 539 3437 lledupbagetica
561 3379 661 3420 uerum
684 3381 753 3422 esse
776 3363 857 3424 huius
882 3358 1015 3419 carminis
1043 3355 1167 3415 indicem
1188 3353 1256 3415 lto·
1357 3446 1361 3451 Ι

144 3468 271 3527 reatinus
295 3465 422 3544 Appulei
444 3465 616 3541 persuadet:
644 3487 697 3546 pro
732 3490 789 3551 quo
819 3468 888 3528 olim
910 3470 1073 3541 Pbopctr'co,
1111 3467 1257 3539 Pbapesio,

142 3577 349 3649 Hedypotbico,
369 3575 599 3646 Hedypatbetico,
621 3574 677 3634 alia
697 3574 839 3634 ferebant.
885 3574 916 3632 ln
939 3588 975 3630 co
999 3573 1124 3630 carmine
1148 3569 1257 3630 Ennius

141 3679 265 3757 piscium
289 3695 438 3737 censuram
469 3679 539 3754 egit.
553 3678 773 3740 Archestratum
797 3680 953 3740 Gelensem
979 3685 1114 3751 secutus,
1140 3676 1257 3754 dequo

142 3785 210 3843 uide
227 3783 443 3858 bernbardpum
464 3783 528 3849 Litt.
549 3782 653 3843 Graec.
673 3784 699 3844 ll
715 3804 743 3862 p.
766 3784 838 3844 927.
884 3781 1065 3841 Archestrati
1086 3799 1203 3841 carmen
1220 3781 1257 3841 ab

142 3889 206 3948 aliis
241 3890 299 3949 alio
331 3889 414 3948 tituto
453 3888 549 3966 (uelut
582 3889 796 3970 pcoapovopla,
834 3878 1021 3966 ἡδυπαθεία,
1061 3884 1258 3962 δειπνολογία,

142 3987 303 4074 istomodo)
328 3995 398 4054 olim
419 3994 562 4053 laudatum
586 4014 654 4055 esse
677 3995 846 4055 Athenaeus
871 4001 1003 4065 testatur,
1027 3991 1101 4049 idem
1122 3990 1167 4047 oui
1189 3987 1256 4047 reli·

143 4101 227 4177 quias
249 4101 387 4178 quasdam
416 4119 433 4159 e
463 4099 598 4159 uersibus
619 4102 802 4160 Archestrati
827 4099 977 4159 debemus.
1030 4095 1112 4167 Quae
1141 4091 1257 4170 quidem

142 4205 263 4265 Ennium
296 4207 324 4264 in
352 4206 474 4282 singulis
503 4206 624 4284 propius
654 4213 785 4264 secutum
820 4221 888 4262 esse
918 4199 1101 4263 Archestrati
1132 4199 1258 4275 uestigia
