2932 4942
169 390 280 437 xxxvr
566 379 879 450 QVAESTIONES

170 544 189 605 l.
204 546 223 605 Ι.
237 563 265 624 p.
282 543 353 605 387.
377 543 441 619 Qua
455 543 651 625 discrepantia
668 545 785 604 adducti
799 546 911 625 quidam
924 554 955 606 ut
967 545 1102 606 Rauisius
1116 541 1152 603 ad
1166 541 1230 603 cic.
1242 542 1282 603 de

169 650 227 709 diu.
251 649 264 710 l
285 649 337 727 48,
362 651 419 711 tot
442 661 473 711 et
484 652 686 733 Wopkeusius
709 649 791 710 Lect.
814 649 890 712 l'ull.
910 670 940 731 p.
951 650 1013 711 262
1029 652 1181 730 inportuna
1196 666 1283 710 mauu

170 755 326 816 emendare
352 775 472 834 uersus,
502 761 584 837 quasi
613 758 735 818 Ennium
765 759 802 817 de
830 756 923 820 Ennio
951 757 1120 837 expulsuri,
1147 756 1303 834 adgressi·

170 870 244 920 suut.
290 860 353 921 Nec
374 880 445 923 saue
467 862 657 942 llottingerus
673 866 708 925 ad
731 862 793 924 Cic.
817 865 836 924 l.
862 866 881 925 l.
905 868 1044 926 memoria
1062 867 1091 924 iu
1113 882 1148 924 ea
1163 880 1197 923 re
1218 862 1283 942 lap-

170 984 232 1026 sum
254 985 322 1027 esse
342 975 457 1046 poetam
481 973 624 1050 cuiquam,
646 973 761 1049 opinor,
786 973 983 1050 persuadebit.
1038 972 1193 1049 lntegritas
1215 988 1283 1030 uer·

170 1091 261 1148 suum,
284 1075 311 1132 iu
335 1073 440 1152 quibus
462 1075 510 1134 uel
529 1077 592 1135 sine
615 1079 781 1137 testimonio
805 1079 874 1138 nibil
894 1079 1059 1139 mutandum
1079 1077 1149 1153 luit,
1173 1075 1284 1137 iudicio

170 1180 266 1238 Seruii
289 1179 417 1241 lirrrratur
438 1182 466 1239 in
490 1181 564 1241 Aen.
584 1182 623 1243 lll
646 1185 703 1244 46:
735 1189 869 1245 Romulus
900 1194 1012 1259 raptata
1035 1191 1153 1261 caeparia
1171 1188 1282 1243 Ιιοτνιιιι

169 1291 204 1344 de
217 1290 352 1346 Autentinu
376 1298 466 1346 monte
483 1293 512 1346 in
530 1293 688 1349 Pulutmum
707 1297 780 1363 iecit,
800 1309 872 1366 quiue
888 1295 952 1364 ficu
972 1291 1100 1364 [marum
1113 1301 1139 1348 et
1152 1293 1282 1349 arborem

165 1396 248 1468 fecit.-
280 1392 317 1452 ci.
344 1392 419 1452 Plut.
441 1394 523 1453 Rom.
556 1414 582 1454 c.
607 1395 648 1456 24)
677 1396 760 1456 Ouid.
789 1395 858 1456 llet.
888 1394 941 1454 XV
971 1395 1042 1455 564).
1088 1395 1196 1457 llastae
1224 1395 1283 1453 uin

169 1518 204 1559 au
232 1500 380 1559 notionem
411 1500 620 1577 Schweglerus
650 1502 669 1561 l.
701 1503 720 1562 l.
744 1521 773 1582 p.
798 1501 859 1562 395
890 1500 1038 1580 expendit.
1082 1501 1141 1563 Sed
1172 1502 1283 1562 Remus

170 1607 198 1663 in
221 1624 307 1684 quem
329 1615 454 1665 montem
477 1610 628 1684 augurium
652 1619 767 1688 captum
789 1609 885 1685 luerit,
909 1625 966 1666 non
985 1608 1090 1667 dicitur
1105 1606 1282 1667 inillisuer·

169 1713 266 1772 sibus:
290 1721 319 1772 et
343 1722 438 1773 tamen
460 1732 565 1774 nexum
583 1716 608 1773 si
626 1725 763 1775 accurate
780 1713 983 1794 perpenderis,
1008 1715 1034 1774 id
1047 1713 1201 1775 memorari
1213 1721 1283 1773 ante

171 1838 198 1877 ιι.
218 1817 259 1880 82
279 1819 418 1879 debuisse
440 1819 599 1880 concedes.
645 1821 711 1894 Quo
732 1839 796 1879 uum
818 1821 977 1882 accederet
998 1822 1069 1880 mira
1092 1818 1234 1899 quaedam
1255 1820 1284 1878 iu

172 1927 230 1987 boc
252 1946 340 1986 uersu
365 1925 476 1986 codicis
499 1927 655 2004 scriptura,
678 1927 715 1986 de
735 1927 837 1987 lacuna
859 1927 987 2004 cogitaui
1010 1926 1093 1984 unius
1114 1923 1217 1983 saltem
1233 1925 1283 1984 uel

170 2033 291 2091 duorum
314 2048 469 2107 uersuum,
500 2049 574 2108 quos
599 2039 692 2089 utrum
718 2031 824 2092 Cicero
848 2036 978 2093 omiserit
997 2032 1132 2092 consulto
1156 2048 1193 2090 au
1214 2049 1284 2109 per·

170 2138 255 2196 ierint
278 2138 460 2196 librariorum
482 2138 592 2196 incuria
613 2155 670 2196 uun
694 2139 804 2198 dirimo.
845 2138 963 2212 Quare
986 2138 1108 2197 eumad
1132 2139 1283 2197 coniectu-

171 2262 230 2302 ram
254 2261 302 2302 res
325 2244 438 2318 redeat,
460 2245 488 2302 in
510 2242 647 2303 Remuria
663 2243 818 2322 probabile
838 2253 884 2303 est
905 2244 1026 2304 Remum
1047 2245 1196 2320 augurium
1229 2261 1283 2302 ex·

172 2357 325 2426 pectasse:
354 2348 429 2409 baec
457 2351 531 2409 enim
557 2369 627 2409 uera
651 2349 735 2411 Ennii
766 2351 854 2411 lectio
883 2370 911 2409 u.
943 2349 982 2410 85
1016 2355 1160 2408 certabant
1186 2353 1283 2409 uerbera

174 2459 291 2514 Romam
311 2460 497 2514 Remoramne
517 2470 667 2516 uocarent.-
687 2475 743 2516 uec
766 2458 793 2514 iu
814 2474 850 2514 co
871 2456 1006 2516 haerebis
1029 2457 1106 2533 quod
1123 2460 1284 2529 Remorum,

173 2578 230 2617 non
258 2565 418 2620 Remurium
447 2561 552 2621 dixerit
577 2569 675 2640 poeta.
722 2559 854 2640 Cumque
877 2562 1035 2637 Dionysius
1064 2562 1157 2622 Halic.
1182 2560 1283 2639 Autiq.

174 2664 256 2723 Rom.
276 2663 288 2723 Ι
305 2665 344 2725 85
367 2685 396 2744 p.
414 2665 476 2725 222
492 2666 592 2727 Reisk.
618 2669 654 2728 de
670 2668 806 2728 Remuria
830 2668 889 2729 ἔστι
911 2667 942 2728 δὲ
957 2670 1033 2729 dicat
1048 2661 1080 2729 τὸ
1100 2667 1206 2751 χωρίον
1218 2655 1283 2727 ἐπι-

172 2763 290 2849 τήδειον
303 2765 507 2848 ὑποδέξασθαι
521 2768 617 2847 πόλιν,
640 2767 731 2851 λόφος
752 2765 788 2833 οὗ
801 2771 902 2853 πρόσω
922 2781 973 2836 τοῦ
994 2773 1127 2854 Τιβέριος
1142 2774 1284 2865 κείμενος,

172 2869 290 2956 οἷπέχων
309 2881 360 2957 τῆς
378 2871 489 2958 Ῥώμης
502 2869 580 2958 cippi
594 2878 662 2952 τοὺς
682 2872 842 2961 τριάκοντα
858 2881 1002 2952 σταδίους,
1024 2888 1054 2938 et
1076 2887 1180 2957 postea
1200 2896 1227 2937 o.
1241 2876 1284 2939 86

172 3001 200 3061 p.
222 2982 282 3042 224
304 2983 405 3045 Relsk.
428 2971 468 3066 ἦν
492 2983 524 3046 δὲ
539 2979 677 3071 Ῥωμύλῳ
700 2984 754 3066 μὲν
780 2981 999 3067 οἰωνιστήριον,
1026 2984 1102 3044 ἔνθα
1123 2975 1207 3063 ἠξίου
1226 2978 1285 3064 τὴν

171 3084 314 3153 ἀποικίαν
333 3088 463 3174 idumeus,
479 3086 511 3154 τὸ
532 3087 720 3154 Πολοὶντιον·
753 3087 860 3179 Ῥώμῳ
882 3091 913 3154 δὲ
933 3085 1057 3173 προεχὴς
1073 3086 1175 3174 ἐκείνῳ
1191 3084 1283 3168 λόφος

172 3191 334 3273 Αὐεντῖνος
348 3195 542 3281 καλούμενος·
567 3193 613 3273 ὦς
631 3199 669 3261 δέ
688 3221 787 3271 τινες
810 3199 1036 3276 ἱστοροῦσιν,
1059 3187 1282 3278 ἡῬωμορίοι,

172 3303 333 3380 allionqsii
357 3307 487 3385 partibus
504 3307 634 3367 standum
655 3309 720 3382 erit⁷
741 3306 923 3386 quantumuis
939 3319 1022 3376 uuus,
1045 3301 1198 3378 siquidem
1215 3302 1281 3361 Sie-

173 3410 283 3488 pbanus
306 3411 425 3486 Byzant.
449 3432 478 3490 p.
498 3413 570 3486 544,
591 3413 609 3471 3
632 3412 706 3471 baec
721 3405 873 3490 Ῥεμουρίο
887 3404 971 3478 πόλις
988 3407 1114 3484 πλησίον
1129 3400 1238 3487 Ῥώμης
1264 3428 1282 3467 e

172 3516 325 3591 Dionysio,
347 3526 377 3575 ut
400 3516 493 3575 credit
515 3516 740 3592 Schweglerus‚
764 3515 869 3588 bausit,
895 3513 1059 3574 Remurium
1078 3514 1114 3575 ab
1134 3515 1281 3574 Auentino

65 3686 72 3696 ,
173 3622 318 3682 diuersam
338 3621 501 3702 perbibeat.
546 3618 599 3679 Cui
618 3639 681 3679 cum
699 3620 907 3696 Schweglerus
932 3621 949 3679 l.
965 3622 984 3681 l.
1000 3640 1028 3700 p.
1044 3622 1106 3681 444)
1122 3621 1206 3681 iidem
1222 3638 1281 3678 nou

174 3727 296 3804 tabeat,
330 3747 431 3808 parum
466 3729 637 3806 respexisse
669 3727 790 3786 Ennium
826 3728 956 3788 uidetur:
989 3727 1064 3807 apud
1101 3745 1186 3805 quem
1215 3744 1281 3785 eum

174 3835 334 3893 Auentinus
358 3842 553 3912 occuparetur
574 3851 590 3892 a
614 3833 750 3910 Romulo,
774 3833 909 3893 Remuria
934 3835 1042 3915 χωρίον
1061 3857 1089 3895 τι
1110 3837 1163 3894 τοῦ
1181 3823 1282 3911 Ἀβεν-

173 3941 255 4001 τίνου
275 3935 424 4018 καρτερόν,
447 3947 478 3997 ιιι
501 3941 540 3997 ait
561 3938 732 3999 Plutarchus
756 3940 836 3998 Rom.
866 3959 891 3999 c.
918 3942 972 4019 11,
995 3959 1064 3999 esse
1087 3929 1202 3998 omnino
1222 3955 1282 3997 nou

173 4049 277 4128 potuit.
316 4043 559 4105 ctNtetutums
586 4046 604 4104 l.
629 4045 772 4106 41248.
813 4045 921 4106 Verum
948 4047 1031 4109 Ennii
1058 4047 1186 4105 narratio
1213 4043 1281 4104 aliis

172 4172 289 4233 quoque
318 4150 480 4210 nominibus
510 4170 526 4210 a
556 4154 750 4228 posteriorum
779 4155 917 4212 memoria
944 4153 1040 4211 distat.
1097 4150 1174 4210 Nihil
1204 4151 1282 4209 enim

170 4260 257 4320 tradit
280 4259 316 4318 dc
337 4257 419 4316 Remi
448 4258 651 4336 qualicumque
679 4259 819 4335 augurio:
851 4259 954 4318 nedum
982 4259 1018 4318 de
1041 4257 1144 4317 fraude
1164 4256 1281 4317 Romuli
