2932 4942
178 383 291 432 XXXIV
574 368 888 437 QVAESTIONES

181 541 284 614 Remo,
310 536 434 596 nondum
457 535 571 594 uidetur
590 542 684 592 actum
705 534 804 593 inisse.
841 531 886 592 ct.
903 533 1048 609 llbergIns
1072 551 1100 611 p
1122 532 1171 593 28.
1195 533 1288 611 Supe-

181 650 288 706 riorem
311 654 417 715 antem,
439 659 523 718 quam
546 639 635 716 uulgo
663 639 812 714 ferebant,
842 642 942 701 sedem
974 639 1091 701 concilii
1119 641 1288 717 auanrens,

182 770 239 811 nou
269 748 494 810 commodiorem
523 747 647 825 dispicio
671 747 744 822 lrac,
772 767 827 826 qua
857 748 980 826 ascripsi
1009 765 1084 824 quae
1113 745 1169 806 buc
1198 747 1287 824 perti·

180 877 251 918 nere
267 857 418 917 uideantur
441 855 612 930 fragmenta.
659 852 786 926 Quorum
803 857 858 913 etsi
874 854 981 914 nullum
996 862 1058 929 est,
1083 851 1160 931 quod
1177 871 1214 912 ex
1231 852 1288 912 boc

180 965 255 1025 libro
281 963 428 1023 adferatur
457 960 583 1034 diserte,
618 969 712 1018 tamen
743 970 860 1039 praeter
892 958 969 1019 iilum
1008 959 1044 1018 de
1074 977 1132 1037 qno
1165 959 1289 1019 diximus

179 1088 296 1130 uersum
314 1067 508 1147 probabiliter
530 1066 672 1143 quaedam
689 1069 858 1126 conlectura
881 1066 938 1125 lruc
959 1066 1050 1125 relata
1080 1073 1154 1124 sunt.
1199 1065 1289 1125 Velut

179 1177 265 1251 illud,
296 1192 354 1253 qrro
381 1173 408 1232 di
435 1174 581 1250 genitales
609 1183 800 1233 recensentur
828 1171 955 1251 (XLV),
985 1171 1099 1250 qualem
1135 1189 1289 1230 recensum

179 1281 374 1364 contreniebat
395 1281 489 1338 statim
506 1281 533 1337 in
547 1282 638 1357 primo
659 1297 800 1338 consessu
823 1280 901 1352 lieri,
922 1286 951 1335 et
973 1278 1008 1338 fr.
1029 1275 1117 1336 XLlll
1134 1295 1198 1335 cnm
1214 1277 1288 1336 Ver·

177 1391 239 1467 gilii
258 1388 332 1447 Aen.
356 1385 383 1445 X
403 1387 416 1445 1
439 1404 455 1445 a
475 1385 569 1444 scbol.
589 1385 698 1445 Veron.
718 1385 862 1445 conlatum
875 1384 973 1443 ctboc
990 1384 1140 1443 frustulum
1153 1383 1289 1464 (XLIV),

179 1513 236 1574 quo
253 1496 281 1553 iu
296 1491 479 1553 instaurando
496 1492 580 1550 simili
593 1491 713 1550 deornm
730 1490 855 1549 concilio
871 1493 957 1549 utitur
969 1490 1116 1568 VergiIius
1129 1490 1202 1550 den.
1216 1490 1243 1550 Χ
1256 1491 1286 1549 5.

178 1599 268 1660 Nimis
281 1601 390 1658 incerte
403 1599 459 1658 lruc
472 1599 638 1658 referuntur
653 1598 702 1657 uel
718 1597 764 1656 bic
780 1615 883 1655 uersus
901 1617 917 1655 a
931 1604 1037 1672 punitor
1048 1609 1142 1656 tracter
1154 1602 1290 1657 Satur-nie

177 1711 299 1765 maxim
312 1710 404 1764 datram
424 1706 496 1782 (inc.
510 1704 572 1764 sed.
587 1702 640 1783 ΙΙ),
660 1720 718 1782 quo
740 1701 835 1760 editor
851 1702 1010 1782 Lipsiensis
1028 1705 1176 1779 lunonem,
1196 1703 1288 1764 llber-

177 1814 243 1888 gius
261 1812 407 1871 Venerem
418 1814 446 1871 in
461 1811 519 1872 hoc
537 1828 680 1871 consessu
697 1808 817 1867 deorum
833 1807 932 1868 Ionem
950 1810 1067 1889 adloqui
1085 1812 1287 1890 opinabantur.

178 1917 236 1977 Sed
254 1918 318 1994 quis
336 1917 392 1977 boc
408 1917 564 1976 adfirmarit
578 1915 780 1988 confidentius,
805 1917 939 1991 quoniam
953 1916 1053 1975 Venus
1072 1919 1134 1976 siue
1152 1916 1223 1975 luno
1237 1916 1288 1977 vel

178 2022 250 2081 alius
270 2022 390 2081 deorum
406 2022 501 2081 moltis
517 2022 591 2080 loeis
608 2039 642 2080 ea
658 2023 696 2079 uti
713 2020 911 2099 adpellatione
927 2019 1041 2100 potnit?
1058 2023 1096 2082 m
1111 2033 1194 2083 recte
1209 2023 1286 2085 baud

178 2127 265 2188 dubie
294 2128 328 2186 ud
352 2126 480 2185 Enniana
508 2145 624 2185 uersum
652 2124 814 2200 ascribunt,
850 2146 935 2205 quem
961 2128 1120 2189 Ennianum
1146 2149 1214 2190 esse
1242 2140 1286 2189 te·

177 2234 313 2291 stimonio
335 2249 392 2290 non
416 2240 539 2307 constat,
561 2240 590 2290 at
612 2240 724 2289 constat
750 2241 885 2290 accurata
908 2231 1025 2293 Homeri
1049 2237 1217 2309 imitatione,
1239 2237 1287 2295 cui

177 2345 350 2412 natumst,
375 2345 509 2414 quantum
532 2338 579 2397 iric
600 2347 688 2415 poeta
711 2337 872 2397 indulserit.
918 2338 959 2398 lta
989 2343 1063 2400 enim
1095 2345 1120 2401 iu
1151 2343 1286 2416 Odyssea

177 2443 212 2519 (cr
230 2443 271 2501 45
295 2465 319 2501 ω
338 2443 400 2504 473
426 2445 464 2503 cl.
489 2444 522 2504 Il.
550 2443 653 2521 031)
687 2441 816 2499 llinerua
845 2429 869 2502 ul
895 2437 987 2526 πάτερ
1006 2439 1125 2526 ἡμέτερε
1143 2448 1287 2528 Κρονίδη,

174 2541 267 2607 ὕπατε
284 2541 450 2626 κρειόντων.
494 2549 559 2609 Νοιι
582 2551 648 2629 plus
671 2557 790 2627 praesto
813 2546 849 2606 de
872 2566 919 2623 eo,
941 2568 1026 2627 quem
1045 2552 1139 2611 Varro
1153 2554 1189 2613 dc
1204 2553 1235 2612 L.
1251 2552 1284 2613 b.

175 2654 263 2714 vlla·
284 2653 321 2712 lll.
347 2656 415 2713 item
445 2655 506 2713 sine
531 2651 645 2714 nomine
674 2662 782 2734 poetae
809 2654 952 2715 laudauit:
975 2667 1138 2720 contremuit
1157 2666 1285 2736 temptem

175 2781 305 2836 mnpnum
328 2765 404 2820 Iouis
424 2765 590 2821 altitonantis
614 2762 686 2838 (inc.
706 2761 770 2820 sed.
793 2759 904 2838 Lxx),
929 2781 987 2839 quo
1014 2765 1192 2825 adseuerans
1215 2776 1285 2827 nuta

175 2883 228 2924 suo
254 2867 356 2924 nescio
382 2866 608 2946 quid-luppiter
637 2867 783 2943 designari
811 2866 923 2926 uidetur
953 2872 1029 2930 conl.
1054 2871 1186 2948 Vergilio
1208 2872 1283 2933 Aen.

174 2972 200 3032 X
228 2973 287 3031 115
315 2977 413 3032 ndnrrit
439 2981 465 3031 et
489 2982 570 3033 totum
600 2984 668 3034 nuta
693 2976 871 3049 tremefecit
897 2979 1054 3051 Olympum.-
1083 2996 1204 3055 quorum
1232 2998 1285 3040 sua

174 3089 296 3158 uterque
313 3098 350 3139 ex
368 3079 486 3140 Homeri
508 3081 595 3140 claris
618 3080 751 3140 uersibus
773 3078 806 3138 ll.
823 3084 848 3139 Α
864 3080 925 3140 528
946 3068 966 3159 ἦ
988 3084 1039 3144 καὶ
1056 3083 1216 3168 κυανέῃσιν
1240 3077 1282 3145 ἐπ’

171 3177 282 3268 ὀφρύσι
296 3191 380 3247 νεῦσε
394 3184 531 3262 Κρονίων
549 3230 556 3245 .
574 3231 602 3245 ..
621 3185 715 3266 μέγαν
731 3177 759 3246 d’
784 3183 906 3259 ἐλέλιξεν
919 3180 1074 3264 Ὄλυμπον
1091 3190 1282 3270 deprompsit.

258 3289 402 3351 Confecto
428 3294 572 3368 coneilio,
598 3296 745 3353 utstatim
773 3295 801 3351 ln
829 3293 915 3349 terris
943 3293 1082 3370 adpareat
1108 3299 1151 3356 nis
1182 3316 1283 3359 eorum

172 3415 247 3474 quae
271 3399 298 3454 iu
320 3397 445 3475 Olympo
468 3397 598 3475 luppiter
620 3398 761 3473 decreuit,
784 3399 905 3469 flumen,
930 3398 958 3454 in
981 3417 1039 3476 quo
1077 3405 1160 3479 pueri
1189 3422 1283 3484 expo·

172 3504 219 3560 siti
242 3511 334 3577 erant,
357 3504 430 3560 Intra
449 3502 529 3579 ripas
550 3501 667 3560 retinxit
691 3499 852 3578 (XLVIII).

255 3608 341 3669 Pueri
364 3615 531 3666 seruantur:
559 3608 721 3665 nutriuntur
743 3625 758 3665 a
782 3607 849 3684 lupa
873 3605 1012 3689 (XLIX):
1042 3611 1079 3670 de
1096 3631 1153 3690 qua
1173 3631 1213 3672 re·
1223 3613 1281 3674 En·

171 3715 283 3773 nianam
304 3715 498 3773 narrationem
515 3712 585 3771 licet
606 3711 693 3772 bodie
717 3731 733 3771 e
759 3712 889 3789 Vergili0
913 3715 987 3774 den.
1011 3717 1079 3778 VIII
1102 3720 1163 3782 630
1192 3721 1281 3799 dispi-

171 3839 240 3880 cere
278 3819 353 3898 (1).
399 3818 498 3878 Flenm
536 3818 715 3878 RumInalem
751 3811 826 3899 quae
863 3821 966 3883 dicitur
1003 3823 1125 3885 Ennium
1162 3844 1281 3906 quoque

169 3944 348 3986 memorasse
375 3943 431 3983 non
459 3923 680 4004 inprobabiliter
700 3929 882 3988 concluditur
904 3951 920 3990 e
943 3933 979 3993 ir.
1006 3931 1051 3992 bl.
1096 3931 1175 4010 Lupa
1198 3933 1280 4009 iuga·

169 4043 252 4092 tura
281 4029 448 4111 pastoribus
474 4031 510 4090 de
538 4032 621 4090 cliuis
651 4033 686 4092 ad
714 4052 832 4112 campos
854 4046 883 4096 et
912 4041 990 4098 riuos
1018 4037 1290 4098 descendentibus:·

168 4137 225 4196 boc
255 4140 329 4196 euim
353 4137 510 4212 significari
534 4137 568 4196 lr.
592 4137 641 4197 LII
659 4141 847 4218 suspicabar:
877 4144 963 4203 modo
991 4153 1074 4204 recte
1105 4144 1280 4204 emendaue·

167 4243 218 4300 rim
233 4261 359 4302 uersum.
383 4240 453 4301 Gnm
478 4246 611 4323 proximo
627 4246 790 4324 fragmento
806 4250 883 4308 iuuat
899 4250 935 4310 de
956 4251 1014 4310 leui
1033 4250 1195 4311 dilierentia
1208 4268 1280 4329 qua·
