2932 4942
154 376 217 442 172
595 382 820 440 EVHEIIERI

154 558 277 637 terraS,
305 553 415 645 ibique
441 575 482 622 eo
507 553 539 621 in
566 555 677 621 monte
702 575 793 623 aram
819 556 908 624 creat
927 553 1047 642 Caelo;
1075 555 1267 647 primusque

155 656 186 724 in
210 678 250 724 ea
269 679 326 724 ara
344 656 489 746 luppiter
506 657 722 744 sacrificauit3
753 657 786 725 in
804 681 845 727 eo
868 657 941 727 loeo
961 658 1113 748 suspexit
1136 658 1170 726 in
1187 681 1268 727 eae-

155 760 221 828 lum
246 758 335 851 quod
364 782 451 828 nune
476 782 539 829 nos
568 761 775 829 nominamus
804 761 915 853 [idque
937 762 1026 853 quod
1049 784 1150 851 supra
1167 783 1269 830 mun-

97 873 137 934 35
156 863 232 931 dum
252 865 338 946 erat,
364 863 453 955 quod
472 863 585 933 aether
602 863 802 950 uocabatur,
827 866 868 934 de
885 864 937 933 sui
955 865 1008 933 aui
1025 865 1156 933 nomine
1175 866 1267 934 eaelo

155 988 275 1034 nomen
293 965 437 1057 indiditl,
460 966 558 1058 idque
578 966 723 1057 Iuppiter
741 968 830 1060 quod
853 967 966 1037 aether
988 968 1170 1037 uocabatur
1187 989 1269 1058 pre-

155 1091 234 1138 eans
258 1068 398 1159 primum
425 1069 552 1138 caelum
581 1069 777 1159 nominauIt3
814 1092 953 1163 eamque
982 1071 1140 1155 hostiam,
1170 1093 1269 1163 quam

155 1172 197 1241 ibi
221 1173 381 1256 saerauit,
406 1175 507 1241 lotam
527 1173 691 1243 adoleuit!

675 1307 752 1377 VIII

257 1411 323 1480 Vbi
334 1411 479 1502 luppiter
491 1413 644 1503 Neptuno
665 1409 837 1502 imperium
855 1408 911 1479 dat
928 1408 1038 1493 maris
1061 1412 1098 1478 ut
1117 1408 1150 1478 in
1170 1407 1269 1478 insu-

96 1523 137 1583 40
156 1516 196 1584 lis
221 1516 373 1585 omnibus
397 1518 429 1585 et
455 1538 540 1608 quae
560 1516 743 1586 seeundum
767 1534 857 1584 mare
881 1513 955 1582 laea
979 1515 1092 1582 essent
1117 1513 1269 1583 omnibus

156 1621 313 1713 regnaret

558 1792 561 1799 ,
688 1721 734 1790 IX

257 1824 306 1893 Ea
328 1827 523 1914 tempestate
548 1824 748 1914 Iuppiter.in
777 1826 888 1893 monte
919 1819 1063 1914 Olympo
1093 1821 1271 1891 maximam

155 1931 281 2018 partem
306 1928 395 1996 uitae
417 1928 547 1997 eolebat
573 1932 606 1996 et
636 1950 676 1997 eo
705 1928 845 1997 adeum
871 1925 904 1994 in
934 1926 986 1994 ius
1013 1924 1205 2008 ueniebant,
1240 1924 1271 1994 si

156 2055 241 2124 quae
270 2054 324 2100 res
353 2032 386 2099 in
411 2031 639 2101 controuersia
669 2036 772 2100 erant.
818 2029 897 2098 Item
924 2029 951 2097 si
978 2028 1051 2121 quis
1082 2027 1160 2119 quid
1190 2027 1271 2097 noui

97 2148 137 2208 45
155 2135 341 2218 inuenerat,
377 2135 464 2226 quod
493 2135 535 2202 ad
563 2135 664 2202 uitam
695 2134 871 2203 humanam
897 2132 977 2201 utile
1003 2135 1109 2215 esset,
1137 2153 1177 2200 eo
1204 2153 1272 2201 ue-

156 2238 265 2310 niebat
282 2242 380 2329 atque
399 2237 469 2307 Ioui
488 2237 692 2306 ostendebat.

700 2355 732 2423 X

258 2453 448 2524 Lactantius
462 2455 536 2523 Diu.
548 2455 625 2524 lnst.
641 2456 655 2526 l
671 2479 697 2526 e.
710 2466 747 2527 13
770 2456 883 2523 ‘natos
897 2453 1059 2524 sibifilios
1075 2475 1141 2522 non
1157 2452 1273 2543 utique

156 2558 355 2641 deuorabat,
389 2561 425 2625 ut
456 2559 565 2627 ferunt
600 2560 746 2646 tabulae,
785 2556 845 2627 sed
880 2557 1033 2641 necabat,
1073 2577 1272 2649 quamquam

156 2661 313 2752 seriptum
339 2660 381 2730 sil
401 2661 431 2728 in
461 2660 638 2731 historia
657 2685 778 2732 saera
799 2660 977 2729 Saturnum
999 2664 1031 2728 et
1051 2658 1155 2750 Opem
1176 2661 1272 2726 eete-

155 2787 280 2856 rosque
315 2767 394 2833 tune
428 2764 579 2834 homines
608 2765 782 2836 humanam
814 2785 945 2832 earnem
979 2763 1097 2833 solitos
1132 2760 1271 2830 esitare:

156 2891 270 2938 uerum
299 2868 438 2958 primum
462 2868 574 2936 Iouem
594 2868 688 2962 leges
714 2867 901 2939 hominibus
923 2888 1099 2958 moresque
1120 2865 1272 2936 eunden-

155 2975 221 3041 tem
243 2971 349 3040 edieto
369 2970 593 3061 prohibuisse,
623 2995 664 3041 ne
683 2973 796 3043 liceret
814 2992 855 3039 eo
873 2969 945 3038 eibo
968 2969 1079 3038 uesci!

189 3175 249 3222 VIII
266 3172 413 3222 Laclantius
423 3171 481 3220 Diu.
494 3174 554 3221 Inst.
568 3173 648 3222 loll
667 3177 706 3224 ‘ni
717 3175 819 3232 mirum,
831 3178 931 3222 ueteres
941 3170 1064 3222 historiae
1074 3171 1173 3221 docent.
1191 3171 1272 3227 ¹hati-

156 3259 221 3306 quus
237 3250 324 3291 auctor
340 3241 507 3301 Euhemerus,
525 3243 567 3304 qui
581 3241 629 3291 luit
644 3259 676 3292 ex
692 3244 795 3294 ciuitate
809 3242 934 3300 Messene,
952 3256 993 3290 res
1005 3248 1091 3306 gestus
1105 3241 1173 3289 Iouis
1191 3247 1215 3288 et
1230 3255 1272 3288 ee-

155 3320 266 3362 terarnm
288 3312 331 3374 qui
354 3311 391 3360 dii
414 3319 534 3376 putantur
554 3312 658 3377 collegit
677 3350 683 3362 .
700 3351 705 3363 .
720 3321 738 3363 .“
751 3312 817 3362 hane
836 3311 970 3360 historIam
990 3319 1014 3359 et
1032 3312 1211 3375 interpretatus
1233 3315 1273 3358 est

155 3383 253 3430 Ennius
275 3389 298 3429 et
312 3389 429 3438 seoutus;
451 3382 523 3430 euius
539 3381 602 3430 haee
616 3383 696 3431 uerba
715 3391 787 3433 sunt:
807 3381 874 3429 ubi'
895 3397 917 3429 e.
934 3396 958 3442 q.
975 3395 995 3428 s.
1068 3380 1105 3428 IX
1124 3378 1271 3428 Lactantius

155 3452 215 3500 Diu.
232 3451 319 3499 InstI
333 3467 354 3498 o.
374 3450 402 3498 ll
425 3452 466 3499 ‘in
480 3450 589 3516 Olympo
612 3460 696 3502 autem
709 3455 797 3502 Iouem
811 3451 941 3500 habitasse
958 3449 1031 3498 docet
1052 3450 1160 3499 historia
1181 3447 1272 3497 eadem
1359 3506 1368 3521 „

155 3560 369 3571 ...-——-——-

199 3630 234 3684 34
255 3625 331 3697 quod
348 3641 420 3679 nune
443 3641 495 3679 nos
512 3626 688 3681 nomInamus
704 3628 767 3682 libri
778 3626 915 3696 plerique.
940 3625 1016 3695 quod
1038 3625 1196 3680 nominatur
1220 3610 1272 3677 οὗ·

156 3700 248 3785 ρανός
265 3711 327 3765 edel.
344 3711 409 3780 aliq.
503 3708 586 3763 Vocis
607 3711 718 3766 inducta
737 3728 793 3765 nau
807 3712 888 3780 potui
905 3709 972 3764 mihi
984 3709 1160 3781 persuadere
1174 3713 1223 3762 aul
1237 3707 1272 3760 ab

154 3797 298 3851 Lactantio
320 3801 369 3849 aut
389 3793 424 3846 ab
444 3808 474 3847 eo
495 3808 575 3865 quem
596 3796 619 3847 is
645 3802 785 3849 auctorem
809 3795 931 3863 sequitur
948 3796 1089 3865 proximis
1106 3793 1271 3866 praeposita

153 3881 251 3953 fuisse.
268 3881 296 3934 in
313 3895 367 3950 quo
384 3879 446 3930 loeo
464 3878 600 3947 suspexit,
617 3877 700 3948 idque
717 3878 792 3950 quod
808 3893 894 3946 supra
908 3878 1030 3932 mundus
1048 3884 1115 3944 erat,
1138 3876 1270 3948 quodque

157 3965 252 4020 aether
284 3965 437 4019 uocabatur
467 3977 589 4030 precans
616 3964 736 4032 prImum
764 3963 873 4017 eaelum
899 3963 1053 4017 nomInauit
1083 3963 1229 4018 Ciaeaaius

198 4054 232 4107 35
249 4054 364 4103 uocatur
379 4047 459 4117 tlttlpa
545 4050 579 4104 39
602 4047 647 4101 ubi
669 4048 748 4101 ‘libri
759 4046 957 4119 quamplurimi
974 4051 1046 4101 inter
1060 4061 1128 4119 quos
1145 4050 1209 4101 sunl
1223 4061 1272 4100 ue·
1331 4070 1337 4077 ·

155 4135 262 4188 terrimi
280 4139 307 4188 el
329 4133 439 4204 optimi.
465 4131 502 4186 ibi
524 4131 588 4201 aliq.
616 4131 679 4186 edd.
703 4138 729 4186 et
748 4131 825 4198 edd„
848 4146 901 4184 om.
918 4132 1069 4202 pleraeque
1094 4131 1155 4184 eald.
1245 4130 1272 4183 in

156 4218 256 4272 insulis
283 4234 336 4272 om.
353 4217 481 4288 plerique
500 4215 564 4269 libri
651 4220 688 4273 40
714 4214 871 4271 seeundum
890 4216 1019 4286 plerique
1039 4221 1066 4270 el
1085 4215 1180 4287 optim
1201 4213 1273 4268 libri.

158 4317 242 4355 secus
260 4303 323 4372 aliq.
339 4301 402 4356 aad.
422 4304 448 4354 et
461 4300 523 4354 edd.
1233 4296 1236 4301 ’
