2932 4942
602 324 844 395 nnurovmn
872 366 877 379 ,
947 312 950 321 “

702 493 731 564 ll

127 669 130 673 -
199 628 240 690 35
268 668 589 688 ......
642 614 774 706 prolato
798 636 876 685 aere
898 613 1001 684 astitit

668 803 780 875 AIAX

555 919 562 946 a
701 940 744 1011 I*

270 1061 458 1132 Salmonida
477 1060 586 1152 spolia
606 1065 679 1131 siue
699 1060 823 1131 sudore
844 1063 877 1130 et
894 1057 1059 1152 sanguine

693 1199 721 1268 ll
734 1196 751 1233 *

270 1317 343 1388 Hoc
366 1319 477 1389 himen
499 1319 670 1389 iubimest
692 1319 781 1412 quod
801 1317 834 1388 in
855 1319 949 1389 caelo
969 1311 1094 1388 ce'ruo?

677 1454 719 1525 lll
733 1453 772 1491 **

272 1630 279 1644 .
334 1629 342 1644 .
395 1543 507 1649 utrum
523 1576 621 1646 hacin
641 1575 758 1644 feriam
778 1596 820 1643 au
842 1576 883 1645 ab
905 1574 1002 1644 laeua
1023 1574 1134 1644 latus?

702 1711 750 1781 IV

273 1829 336 1914 Qui
356 1831 426 1899 rem
445 1853 520 1901 cum
538 1831 678 1902 Achiuis
701 1830 882 1938 gesserunt
901 1830 1010 1902 statim
1064 1883 1071 1898 .
1126 1882 1135 1898 .

204 2030 227 2078 ll
246 2029 335 2080 Festus
349 2046 375 2096 p.
391 2033 443 2083 242
458 2031 492 2081 M.
522 2031 668 2099 ‘prolato
690 2047 764 2083 aere
784 2033 895 2082 astitit
915 2030 1013 2082 Ennius
1027 2029 1144 2081 Achillae
1166 2032 1204 2080 iu'
1229 2031 1282 2098 (in

170 2099 305 2150 Achille
321 2100 451 2167 Scaliger)
472 2103 631 2152 ‘Aristarchi
646 2118 705 2151 cum
720 2104 768 2162 ait,
788 2101 916 2168 significat
930 2101 1020 2167 clypeo
1036 2109 1094 2150 aute
1106 2115 1134 2150 se
1147 2103 1282 2168 protento.’

169 2170 263 2218 Paulus
281 2186 307 2235 p.
326 2170 378 2222 243
391 2172 425 2220 M.
452 2173 604 2236 ‘prolato
623 2188 700 2222 aere
721 2173 792 2238 apud
808 2173 917 2222 Ennium
936 2171 1064 2237 significat
1084 2179 1157 2221 scuto
1176 2179 1234 2222 ante
1254 2187 1283 2221 se

188 2241 304 2289 rotento.'
1118 2285 1122 2291 .

168 2255 279 2359 pdrsx
314 2309 433 2360 lFestus
450 2325 478 2375 p.
492 2309 545 2361 329
558 2310 592 2360 M.
620 2309 802 2361 ‘Salmacis
819 2311 922 2361 nomiae
932 2311 1053 2377 ,nympha
1065 2310 1136 2362 Caeli
1152 2318 1177 2361 et
1188 2311 1283 2362 Terrae

168 2378 222 2427 fllia
240 2379 321 2428 fertur
340 2395 417 2429 causa
434 2378 513 2429 fontis
534 2380 693 2430 Halicarnasi
720 2392 801 2444 aquae
825 2381 996 2447 appellandae
1016 2380 1098 2432 luisse
1118 2380 1282 2442 Salmacidis,

170 2464 246 2511 quam
260 2451 304 2512 qui
319 2448 445 2510 bibisset,
464 2451 528 2499 uitio
542 2451 720 2516 impudicitiae
733 2451 901 2502 mollesceret.
929 2450 967 2500 Ob
985 2465 1041 2501 eam
1055 2467 1123 2511 rem,
1145 2452 1214 2514 quod
1227 2453 1282 2502 eius

168 2519 253 2568 aditus
271 2527 421 2586 angustatus
436 2521 578 2584 parietibus
593 2521 754 2571 occasionem
771 2521 879 2587 largitur
894 2520 1030 2570 iuuenibus
1045 2519 1219 2586 petulantibus
1237 2536 1283 2571 an-

168 2590 337 2639 tecedentium
350 2604 488 2654 puerorum
501 2590 696 2654 puellarumque
710 2591 904 2651 uiolandarum,
923 2591 984 2654 quia
997 2606 1048 2640 non
1062 2599 1132 2656 patet
1142 2591 1280 2658 refugium.

169 2659 266 2708 Ennius
282 2657 337 2707 ...’
368 2659 456 2710 Cicero
470 2660 502 2709 de
516 2659 560 2708 cll.
578 2661 589 2708 1
604 2659 645 2720 18,
659 2659 690 2711 bl
712 2663 812 2724 ‘itaque
832 2662 859 2710 ln
873 2661 974 2725 probris
989 2661 1100 2710 maxime
1118 2662 1144 2710 in
1161 2670 1283 2728 promptu

170 2735 224 2787 est,
244 2729 268 2777 si
283 2727 346 2790 quid
358 2730 411 2778 tale
429 2728 481 2778 dici
498 2737 595 2793 potest:
622 2744 669 2779 uos
683 2731 752 2780 enim
770 2731 878 2779 iuuenes
891 2731 1003 2779 animum
1018 2730 1107 2795 geritis
1122 2731 1282 2790 muliebrem,

170 2796 216 2844 illa
227 2798 301 2862 uirgo
313 2797 372 2857 uiri,
388 2806 413 2848 et
424 2800 446 2847 si
461 2798 523 2860 quid
536 2799 592 2848 eius
606 2800 690 2849 modi:
707 2799 865 2850 Salmacida'
879 2816 901 2850 e.
915 2815 939 2862 q.
951 2815 972 2848 s.
1000 2799 1041 2848 Ad
1054 2798 1160 2848 Aiacem
1175 2798 1205 2851 0.
1221 2800 1283 2849 Rib-

170 2865 276 2915 becliius
289 2866 367 2916 refert
437 2868 459 2915 ll
478 2868 560 2916 Varro
574 2869 606 2917 (le
618 2869 648 2918 L.
662 2868 692 2917 L.
704 2870 745 2918 =Vl
760 2869 777 2920 6
790 2870 824 2919 Μ.
851 2871 894 2917 ‘ut
911 2876 970 2918 ante
990 2868 1071 2918 solem
1092 2877 1188 2928 ortum,
1213 2869 1283 2933 quod

171 2934 261 2984 eadem
283 2935 359 2984 stella
375 2945 481 2984 uocatur
505 2937 611 2996 iubar,
642 2938 711 2999 quod
731 2938 833 2997 iubata,
860 2939 1020 2987 Pacuuianus
1040 2937 1103 2986 dicit
1121 2946 1209 3002 pastor

170 3004 246 3053 Ennii
266 3006 348 3053 Aiax:
372 3004 421 3053 hoc
442 3005 539 3054 lumen·
565 3022 587 3054 e.
608 3022 675 3069 qs.
705 3005 847 3072 (Ennius
864 3008 946 3056 Aiax
962 3007 1067 3056 lumen
1083 3006 1157 3070 libri)
1184 3007 1283 3058 Ibidem

170 3075 206 3123 Vl
223 3072 255 3122 81
271 3075 305 3124 M.
327 3076 435 3124 ‘cerno
448 3074 517 3124 idem
529 3074 612 3125 ualet:
633 3077 718 3138 itaque
729 3091 776 3140 pro
789 3076 864 3126 uideo
879 3077 916 3125 ait
928 3077 1041 3125 Ennius:
1062 3075 1159 3125 lumen·
1179 3093 1202 3126 e.
1219 3094 1244 3140 q.
1259 3092 1281 3126 s.

171 3144 269 3193 lbidcm
278 3142 371 3194 Vll'lb
382 3142 416 3192 M.
431 3145 547 3210 ‘trIgoua
560 3143 663 3194 faciant.
691 3145 833 3208 Aliquod
846 3145 967 3195 lumen'
983 3161 1006 3195 e.
1018 3162 1042 3209 q.
1052 3160 1074 3194 s.
1097 3147 1205 3196 ‘iubar
1219 3147 1284 3196 dici-

171 3223 211 3262 tnr
231 3213 307 3263 stella
327 3211 444 3273 Lucifer,
469 3228 548 3276 quase
565 3215 591 3262 in
612 3229 712 3264 summo
731 3215 800 3278 quod
817 3215 895 3265 habet
914 3215 999 3265 lumen
1016 3214 1138 3265 diffusum
1155 3224 1182 3265 ut
1197 3215 1237 3266 leo
1256 3215 1303 3266 in'

172 3284 257 3348 capite
276 3283 382 3332 iubam!
453 3285 489 3333 lll
513 3283 618 3334 Plautus
637 3283 733 3334 Cistell.
759 3286 795 3335 lll
817 3286 849 3336 10
874 3289 971 3334 ‘utrum
989 3284 1065 3334 bacin
1084 3284 1176 3336 leriam
1195 3301 1228 3335 au
1249 3287 1281 3336 ab

171 3354 245 3402 laeua
261 3351 359 3402 latnsl'
389 3351 428 3405 Ol,
444 3352 595 3404 Ladewicus
611 3354 686 3404 Anal.
709 3370 778 3404 scen.
798 3370 825 3420 p.
840 3356 874 3404 22
942 3356 978 3405 lV
1002 3355 1099 3405 Nouius
1121 3371 1148 3422 p.
1168 3354 1229 3417 393,
1250 3356 1283 3409 13

172 3425 297 3473 ‘statim
311 3423 436 3488 producta
448 3424 532 3488 prima
544 3423 645 3488 syllaba
659 3441 674 3474 a
686 3426 786 3485 stando,
806 3434 1001 3490 perseueranter
1013 3434 1038 3474 et
1050 3425 1190 3488 aequaliter
1202 3427 1283 3493 signi-

171 3493 239 3542 ficat.
266 3493 399 3542 Terentius
415 3491 528 3559 [Phorm.
544 3494 566 3541 V
581 3492 606 3553 3,
622 3492 648 3558 7]
674 3494 777 3544 Plautus
792 3494 948 3559 Amlltryone
968 3494 991 3561 [l
1006 3496 1030 3557 1,
1045 3494 1088 3559 81]
1108 3497 1177 3547 idem
1194 3498 1221 3546 in
1240 3513 1282 3548 ea-

171 3563 229 3612 dem
253 3560 313 3627 [11,
331 3559 393 3628 120]
415 3563 512 3614 Ennius
526 3564 605 3613 Aiace
621 3599 640 3613 ..
652 3566 671 3612 .'

214 3742 249 3797 36
264 3737 426 3795 Salmacida
442 3741 534 3811 spolia
550 3739 675 3812 Scaliqer
688 3739 763 3796 Loci.
782 3741 887 3798 Auson.
903 3741 922 3798 I
931 3747 975 3801 πθ.
993 3742 1033 3815 cf.
1052 3740 1194 3801 Turnebus
1210 3741 1281 3799 Ado.

170 3822 314 3879 XXVIII
325 3827 370 3882 ³9.
388 3825 530 3882 Sabnacid
545 3827 655 3896 aspolla
668 3826 729 3882 cod.
744 3826 826 3882 Festi.
849 3825 971 3884 Salmaci
993 3826 1031 3883 da
1053 3829 1145 3898 spolia
1158 3826 1240 3899 sculpo

170 3910 274 3965 sudore
295 3915 323 3963 et
343 3911 482 3983 sanguine
498 3910 603 3967 acero.
625 3912 763 3983 sanguine
783 3917 811 3967 et
830 3912 935 3969 sudore
951 3912 1049 3967 Festus
1152 3913 1187 3969 37
1209 3911 1283 3966 Aiax

172 3994 231 4048 lloc
253 3995 349 4049 lumen
369 3996 514 4052 iubarnest
532 3996 609 4067 quod
629 3994 660 4052 0.
679 3995 853 4053 Ribbeckiaa.
875 3999 949 4053 Aiax
968 3998 1062 4050 lumen
1083 3997 1208 4051 iubarue.
1220 3995 1285 4050 libri

177 4077 221 4134 VI
231 4082 257 4143 6,
277 4080 333 4134 nbi
345 4081 419 4151 quod
432 4082 549 4136 iubarne
565 4080 660 4136 Hauc.
680 4082 795 4153 aliquod
810 4083 930 4153 (aliquot
945 4079 1039 4148 Goth.)
1058 4081 1152 4134 lumen
1167 4081 1282 4135 iubarnc

170 4161 683 4222 ztortV1176.1umeniuoarne1iori
701 4164 744 4222 VI
751 4172 784 4226 81
802 4166 842 4237 cf.
853 4180 942 4237 supra
1027 4167 1062 4223 38
1077 4163 1161 4220 bacin
1175 4162 1282 4221 omit

171 4242 281 4300 beclous
290 4261 323 4317 p.
336 4246 398 4306 om.
413 4247 466 4304 hac
482 4262 528 4304 ma
543 4247 606 4304 lari
