2932 4942
167 355 204 400 vr
599 341 854 402 PRAEFATIO

169 506 332 590 Delrio,
366 507 616 588 Scriuerius,
644 504 834 590 Vossius,
865 529 983 594 nuper,
1017 507 1079 574 hoc
1108 518 1158 575 est
1188 510 1286 575 trium

170 626 240 691 fere
268 628 472 692 saeculorum
502 624 692 708 interuallo,
727 624 904 692 Bothius
934 628 1114 693 studiosam
1142 629 1201 693 sed
1230 652 1286 716 pa-

169 768 242 810 rum
271 768 291 811 a
319 746 384 811 fide
412 753 444 811 et
472 765 680 808 numerorum
708 743 858 810 doctrina
884 745 1054 810 subtiliore
1082 749 1286 813 commenda-

170 864 270 930 bilem
296 886 429 952 operam
455 862 685 929 adhibuerunt.
729 864 876 928 Annales
899 872 1007 929 autem
1029 865 1147 931 edendi
1175 889 1287 931 curam

171 982 327 1048 Merula
349 985 508 1071 suscepit,
535 982 726 1067 ingeniosus
744 981 907 1048 Batauus:
937 983 996 1048 sed
1018 985 1155 1048 nimium
1181 984 1297 1050 indul.

116 1142 142 1200 ‹¹
171 1124 253 1188 gens
274 1103 408 1188 ingenio
438 1124 500 1167 nec
527 1101 753 1167 emendatione
773 1100 898 1189 profuit
919 1102 1098 1187 insignius,
1127 1124 1188 1167 nec
1216 1103 1286 1167 leli-

171 1221 241 1285 cius
264 1221 541 1305 fragmentorum,
563 1223 857 1310 quampraecipue
880 1220 1015 1307 agebat,
1040 1220 1287 1309 dispositionem

171 1339 324 1404 instituit.
369 1337 435 1420 Qui
463 1314 505 1404 ne
533 1340 704 1428 perspexit
729 1340 877 1427 quidem,
907 1361 988 1427 quos
1010 1340 1091 1405 fines
1114 1339 1191 1406 huic
1213 1362 1287 1405 con·

171 1457 325 1523 iecturali-
348 1458 475 1524 critices
502 1459 617 1546 generi
650 1459 722 1545 ipsa
749 1466 866 1524 natura
895 1480 1005 1524 rerum
1034 1459 1212 1547 praefigat:
1252 1458 1289 1524 in

172 1598 237 1664 quo
255 1598 377 1662 genere
396 1577 581 1644 hariolandi
603 1600 642 1643 ac
657 1587 780 1644 temere
802 1577 958 1665 opinandi
979 1577 1112 1644 uberior
1124 1578 1288 1660 materies,

173 1698 347 1762 seueritate
380 1695 631 1783 argumentandi
660 1706 716 1762 aut
743 1697 906 1762 rationum
932 1698 1128 1763 necessitate
1155 1695 1289 1784 probari

171 1836 278 1901 pauca
308 1816 445 1902 possint.
495 1815 591 1881 Vnde
614 1816 776 1882 Merulam
808 1838 874 1882 non
903 1837 978 1881 eum
1005 1815 1109 1881 fuisse
1143 1823 1288 1902 apparet,
1332 1803 1335 1807 ’

173 1935 266 1999 cuius
291 1933 467 2020 praecipue
488 1933 638 2018 uestigiis
658 1934 765 2001 editor
785 1934 953 1999 annalium
974 1934 1139 2000 recentior
1160 1932 1288 1996 insiste-

173 2060 240 2117 ret:
274 2060 306 2116 et
333 2058 444 2116 tamen
473 2052 543 2117 eius
573 2048 760 2119 auctoritati
788 2076 823 2118 se
852 2052 995 2135 addixit,
1027 2052 1083 2138 qui
1110 2051 1288 2115 nouissime

172 2169 308 2236 annales
335 2169 502 2256 Lipsiae
531 2171 650 2255 edidit,
682 2171 741 2236 sed
767 2173 814 2236 ita
841 2169 960 2254 edidit,
993 2169 1063 2235 fere
1084 2177 1128 2258 ut
1142 2169 1289 2235 Merulae

172 2291 292 2357 librum
312 2288 563 2355 exscribendum
583 2291 692 2378 operis
711 2289 888 2357 tradidisse
908 2289 1086 2354 uideretur.
1130 2288 1289 2375 Propriae

173 2408 238 2474 sibi
268 2407 353 2473 dotis
379 2406 442 2470 hoc
456 2384 578 2472 'tamen
606 2407 712 2473 editor
739 2409 923 2496 Lipsiensis
949 2406 1063 2489 habet,
1091 2406 1179 2494 quod
1207 2429 1289 2491 eam,

171 2550 256 2617 quae
278 2525 320 2592 ab
343 2524 472 2590 Merula
491 2525 629 2612 prodiit,
658 2528 907 2616 dispositionem
927 2525 1094 2590 annalium
1116 2525 1288 2612 suppleuit,

170 2655 262 2712 tanto
285 2647 320 2710 ni
343 2644 460 2709 mirum
480 2665 650 2731 successu,
680 2648 741 2712 uix
760 2630 877 2712 ut⁰ulli
900 2644 1041 2710 frustula
1066 2645 1234 2710 minutiori
1255 2646 1290 2708 in

172 2774 301 2832 retexta
327 2764 481 2841 carminis
508 2763 575 2829 tela
602 2765 714 2831 sedem
741 2789 809 2831 non
839 2765 1048 2832 concederet:
1085 2765 1180 2850 quasi
1208 2764 1288 2846 eius,

131 2884 136 2891 '
171 2887 228 2975 qui
252 2882 414 2971 deperditi
440 2882 608 2969 scriptoris
630 2884 814 2969 fragmenta
836 2884 919 2967 edit,
948 2883 1030 2947 haec
1050 2883 1094 2947 sit
1113 2883 1290 2970 praecipua

171 3005 260 3087 laus,
284 3025 325 3067 ne
347 3000 427 3089 quid
444 3001 604 3067 incertum
628 3003 692 3068 sibi
714 3011 771 3069 aut
793 3001 968 3069 obscurum
989 3001 1141 3067 fateatur.

255 3121 371 3209 Itaque
385 3119 518 3207 patebat
531 3119 628 3206 haec,
651 3123 686 3186 in
707 3144 773 3211 qua
794 3144 868 3187 cum
890 3121 999 3187 fructu
1020 3122 1203 3188 litterarum
1223 3143 1290 3186 non

170 3240 263 3306 tenui
291 3238 459 3304 elaborare
488 3238 665 3325 uidereris,
698 3242 884 3328 prouincia:
915 3242 975 3308 sed
1003 3264 1075 3308 eam
1103 3242 1160 3306 diu
1191 3239 1288 3305 desti-

170 3367 274 3424 tutam
305 3357 416 3422 nescio
449 3379 514 3445 quo
549 3369 646 3447 pacto
678 3382 774 3424 nemo
803 3359 960 3426 obtinuit:
994 3384 1056 3427 nec
1084 3382 1146 3445 ego
1174 3367 1211 3424 ut
1237 3380 1289 3423 ac-

172 3477 343 3559 cesserim,
392 3476 454 3543 hoc
492 3499 565 3543 meo
605 3477 710 3542 libero
747 3470 884 3544 consilio
922 3479 1061 3562 sactum,
1102 3487 1159 3543 aut
1202 3477 1290 3562 quod

171 3618 246 3661 mea
266 3617 319 3660 me
346 3596 455 3671 studia
479 3595 566 3662 ultro
590 3596 625 3660 in
651 3594 739 3661 hunc
760 3596 905 3662 maxime
931 3617 1082 3681 campum
1105 3595 1287 3660 duxissent.

171 3714 254 3784 Cum
282 3715 368 3780 enim
392 3715 585 3779 deuersarer
608 3715 643 3778 in
663 3714 762 3798 longe
795 3712 862 3778 alia
893 3715 1075 3779 litterarum
1104 3720 1289 3778 nostrarum

169 3836 320 3920 regione,
362 3841 517 3898 autumno
547 3833 626 3898 anni
658 3849 864 3908 ololococm
901 3832 982 3901 ordo
1022 3830 1289 3920 philosophorum

169 3953 355 4018 Bonnensis
383 3952 424 4017 de
451 3952 560 4018 Ennio
587 3944 756 4019 iussit'ita
785 3954 923 4038 certari,
955 3962 993 4018 ut
1021 3953 1219 4041 ‘praemissa
1247 3953 1288 4017 de

168 4081 285 4160 poetae
311 4071 398 4154 uita,
437 4077 509 4134 arte
544 4079 576 4135 et
605 4073 736 4159 scriptis
770 4073 990 4162 disputatione
1020 4072 1091 4139 eius
1121 4071 1288 4137 annalium

169 4191 354 4276 fragmenta
382 4186 610 4272 emendentur,
646 4168 875 4280 disponantur,
912 4192 1151 4287 inlustrantur!
1195 4191 1288 4256 Adli·
1373 4256 1375 4265 ,

170 4300 277 4379 dente
303 4306 503 4402 quaestionis
529 4310 652 4399 gratia,
680 4332 764 4401 quae
790 4295 871 4379 mihi
899 4310 1090 4398 uidebatur,
1127 4319 1159 4377 et
1182 4309 1289 4379 laudis
