2932 4942
628 332 864 391 ANNALlVM

295 498 392 567 Marci
414 499 501 568 filius

359 656 366 669 .
421 604 449 671 is
472 603 593 673 dictust
611 603 686 672 ollis
705 604 921 694 popularibus
944 608 1021 676 olim

296 703 357 787 Qui
379 709 446 773 tum
467 707 620 775 uiuebant
643 707 792 775 homines
812 713 910 800 atque
931 732 1051 778 aeuum
1072 712 1241 802 agitabant

296 807 374 876 Flos
393 809 554 879 delibatus
572 810 685 901 populi
708 811 898 903 suadaeque
918 814 1069 882 medulla.

718 952 754 1022 V
770 952 787 988 ’l‘

206 1075 267 1137 310
295 1067 441 1136 Nauibus
463 1069 639 1159 explebant
662 1091 740 1139 sese
760 1074 932 1163 terrasque
953 1071 1132 1162 replebant.

707 1182 785 1283 in*

241 1380 245 1387 .
294 1329 408 1396 Atrion
427 1329 561 1397 terribili
582 1330 689 1398 tremit
707 1330 840 1399 horrida
859 1335 946 1397 term
963 1328 1105 1396 tumultu

191 1538 244 1577 tum
264 1528 302 1576 illi
326 1529 444 1576 homines
468 1527 555 1576 liorem
576 1528 666 1591 populi
690 1542 747 1575 esse
772 1528 900 1579 dixerant.
936 1524 1126 1589 Suadaeque
1149 1527 1302 1576 medulla.

192 1590 291 1647 Πειθώ
310 1615 385 1659 quain
399 1608 490 1645 norant
503 1599 607 1656 Graeci,
626 1599 699 1645 euius
712 1598 816 1648 effector
830 1608 868 1647 est
883 1605 980 1656 orator,
1005 1597 1069 1645 hune
1088 1596 1195 1645 suadem
1214 1598 1304 1661 appel-

192 1669 254 1717 lauit
268 1669 380 1723 hunius:
406 1669 461 1715 eius
474 1675 558 1716 nutem
574 1667 713 1731 Cethegum
731 1669 869 1717 medullam
888 1667 969 1715 fuisse
988 1667 1043 1714 nult
1152 1675 1176 1714 at
1197 1667 1239 1715 hie
1258 1668 1303 1716 tie-

190 1739 282 1802 thegus
302 1737 391 1786 consul
409 1753 466 1787 oum
480 1739 507 1786 P.
523 1736 649 1786 Tuditano
663 1738 712 1785 l'uit
730 1739 796 1801 bello
810 1739 905 1787 Punieo
920 1737 1032 1787 seeundo
1129 1744 1154 1785 et
1172 1737 1199 1786 id
1218 1739 1303 1801 ipsum

191 1810 241 1856 nisi
253 1808 329 1855 unius
349 1816 416 1856 esset
429 1807 503 1855 Ennii
520 1807 665 1855 testimonio
680 1808 825 1872 cognitum,
847 1807 915 1855 hnnc
927 1814 1055 1865 uetustas,
1075 1814 1101 1854 ut
1115 1806 1181 1855 alios
1194 1806 1303 1855 sortasse

191 1878 298 1937 multos,
318 1877 447 1926 obliuione
466 1877 610 1925 obruisset'
643 1877 814 1934 Quintilianus
828 1877 864 1925 Xl
877 1876 903 1935 3,
919 1875 950 1926 31
973 1882 1046 1924 ‘nam
1059 1877 1130 1925 sonis
1145 1876 1262 1924 homines
1277 1885 1303 1924 ut

191 1963 251 1997 aera
271 1948 362 1995 tinnitu
377 1946 560 2015 dignoscimus.
595 1947 631 1994 lta
644 1947 687 1994 liet
700 1947 764 1996 illud
778 1948 847 2010 quod
861 1947 958 1994 Ennius
971 1946 1063 2011 probat
1082 1961 1139 1994 eum
1152 1946 1215 1995 dieit
1228 1961 1302 1994 sua-

190 2018 380 2079 uiloquenti
399 2032 453 2064 ore
471 2015 647 2080 Cethegum
667 2016 766 2066 luisse.⁹
794 2016 893 2066 Gellius
907 2015 982 2065 xlta
1003 2016 1044 2063 ‘in
1063 2014 1130 2064 libro
1147 2016 1214 2064 enirn
1235 2017 1302 2063 triue-

190 2089 256 2136 simo
275 2086 387 2135 seeundo
404 2085 572 2150 epistularum
590 2086 725 2135 moralium
745 2101 808 2149 quas
823 2087 857 2136 ad
874 2085 1001 2134 Lucilium
1020 2086 1176 2150 composuit’
1194 2085 1240 2150 (A.
1257 2086 1302 2135 Se-

191 2154 267 2220 neca)
282 2156 454 2205 ‘deridiculos
468 2169 559 2203 uersus
574 2152 602 2211 Q.
616 2155 724 2203 Ennium
737 2155 769 2205 de
784 2155 908 2221 Cethego'
926 2154 1040 2220 (decet
1055 2169 1113 2219 ego
1127 2155 1201 2203 Beru.
1216 2154 1299 2219 Lugd.

191 2227 255 2290 Reg.
277 2225 313 2274 do
327 2234 439 2288 cetego
454 2239 519 2272 oorr.
533 2223 624 2287 Bern.)
655 2226 774 2288 ‘antiquo
794 2227 849 2274 uiro
872 2224 965 2273 fecisse
983 2224 1031 2273 hos
1050 2225 1126 2274 dicit:
1150 2225 1173 2272 is
1191 2224 1299 2272 dietust'

191 2312 215 2348 e.
236 2311 261 2356 q.
281 2309 303 2343 s.
342 2298 385 2343 ‘ao
406 2293 499 2342 deinde
518 2293 607 2342 scribit
627 2293 659 2342 do
681 2295 773 2344 iisdem
792 2295 910 2344 uersibus
925 2294 1005 2342 uerba
1022 2295 1098 2343 baec:
1121 2293 1234 2342 admiror
1249 2295 1301 2342 elo-

191 2364 372 2427 quentissimos
388 2364 460 2412 uiros
476 2370 501 2412 et
516 2362 617 2412 deditos
635 2364 717 2413 Ermio
736 2379 783 2429 pro
803 2364 907 2430 optimis
924 2363 1035 2412 ridicula
1053 2363 1180 2412 laudasse.
1204 2363 1301 2413 ¹Cicero

191 2443 258 2484 eene
277 2435 342 2482 inter
353 2434 435 2482 bonos
453 2434 509 2482 eius
529 2447 620 2481 uersus
633 2441 658 2481 et
671 2433 718 2482 hos
731 2433 826 2484 refert·
852 2434 959 2484 Seruius
972 2434 998 2481 in
1011 2434 1076 2485 Aen.
1091 2433 1152 2482 Vlll
1165 2424 1218 2482 5111)
1241 2435 1302 2482 ‘llos

189 2512 317 2553 ueterum:
332 2503 491 2552 Ennianum.¹
516 2501 605 2552 Cicero
618 2501 672 2552 Cat.
686 2505 746 2553 mai.
764 2505 805 2563 14,
815 2504 850 2556 50
869 2503 918 2552 ‘n
929 2517 991 2552 uero
998 2501 1137 2568 Cethegum
1147 2517 1221 2565 quem
1235 2511 1302 2552 reete

191 2574 311 2623 suadae
324 2572 498 2622 medullam
511 2572 577 2621 dixit
589 2572 704 2624 Ennius!
730 2573 901 2631 Quintilianus
915 2574 937 2622 11
953 2572 994 2632 15,
1009 2573 1027 2622 4
1043 2571 1197 2638 (Isocrates)
1212 2573 1302 2621 ‘litium

190 2645 251 2693 artis
264 2652 359 2692 temere
372 2642 577 2707 comprehendit,
597 2642 685 2706 dicens
704 2657 761 2693 esse
774 2644 916 2693 rhetoricen
931 2642 1104 2708 persuadendi
1122 2642 1255 2707 opificem,
1275 2643 1301 2690 id

190 2721 229 2764 est
243 2707 366 2769 πειθοῦς
381 2703 572 2776 ὃημιονργόνς
594 2725 678 2775 neque
694 2713 762 2762 enim
776 2713 840 2775 mibi
858 2712 1020 2777 permiserim
1035 2711 1124 2761 eadem
1137 2713 1175 2761 uti
1189 2711 1301 2760 deelina-

190 2784 258 2832 tione
273 2797 323 2844 qua
336 2782 432 2841 Ennius
449 2782 484 2831 Μ.
498 2780 638 2847 Cethegum
658 2783 778 2832 suadae
797 2781 973 2832 medullam
992 2778 1103 2831 uocat.''
1155 2782 1179 2830 V
1195 2779 1300 2830 Seruius

189 2853 215 2901 in
228 2853 292 2902 hen.
308 2853 342 2900 vt
356 2853 408 2902 545
432 2851 558 2916 ‘explebo
572 2858 611 2900 est
622 2852 744 2902 minuam.
775 2867 834 2901 nam
846 2852 882 2901 ait
894 2851 1005 2901 Ennius:
1026 2851 1148 2900 nauibus'
1167 2866 1190 2899 e.
1204 2866 1228 2912 q.
1243 2865 1264 2899 s.

223 2924 259 2971 Vl
278 2922 367 2971 Festus
382 2936 408 2987 p.
426 2918 480 2971 153.
488 2921 521 2971 Μ.
543 2922 714 2986 ‘metonymia
727 2930 827 2971 ...ιιι
840 2921 937 2971 Ennius
951 2936 1009 2970 eum
1022 2921 1071 2969 ait:
1085 2920 1185 2970 Airioa'
1200 2935 1223 2973 e.
1239 2936 1264 2982 q.
1278 2935 1299 2969 s.

190 2991 278 3043 Cicero
298 2991 366 3041 (irat.
387 2992 430 3051 27,
448 2989 484 3042 93
508 2990 593 3053 ‘quod
613 3006 766 3054 quamquam
784 2990 961 3041 transferendo
985 2989 1027 3048 tit,
1053 2984 1137 3039 tamen
1155 2989 1206 3039 alio
1224 2990 1300 3039 modo

188 3062 330 3121 transtulit,
348 3076 406 3110 oum
420 3061 486 3110 dixit
499 3060 608 3110 Ennius:
634 3069 730 3110 arceat
743 3061 806 3110 urbe
819 3061 883 3110 orba
895 3074 966 3119 sum3
989 3058 1040 3108 alio
1053 3059 1140 3121 modo,
1158 3060 1181 3109 si
1194 3074 1241 3124 pro
1255 3075 1301 3125 pa-

187 3132 237 3181 tria
255 3147 339 3181 arcem
360 3131 483 3189 dixissen
518 3138 542 3179 et
560 3130 726 3180 horridam
747 3130 890 3180 Africam
916 3128 1065 3178 terribili
1089 3137 1227 3179 tremere
1251 3138 1300 3178 tu-

188 3201 289 3250 multu
310 3216 368 3249 ouru
382 3201 460 3260 dicit,
485 3214 532 3264 pro
544 3198 616 3248 Afris
631 3201 738 3249 inmutat
751 3199 894 3252 Airioam.'.
927 3200 998 3249 idam
1015 3197 1048 3248 da
1061 3207 1124 3251 orat.
1142 3199 1233 3258 11142,
1252 3200 1299 3249 167

188 3275 236 3321 ‘ne
255 3271 300 3319 illa
313 3270 417 3332 quidem
430 3269 555 3318 traductio
570 3277 645 3335 atque
666 3270 798 3333 inmutatio
816 3270 842 3318 iu
860 3269 939 3333 uerbo
961 3268 1088 3331 quandam
1106 3266 1299 3317 fabricationem

187 3339 264 3389 habet
285 3339 343 3403 [sed
360 3340 386 3386 in
406 3337 544 3403 orationeJ:
579 3336 678 3389 Airioa'
702 3356 724 3389 e.
743 3356 768 3402 q.
788 3355 810 3391 s.
844 3344 905 3405 ‘pro
925 3337 997 3389 Airis
1014 3345 1053 3387 est
1071 3345 1174 3402 sumpta
1192 3337 1299 3387 Africa?

187 3408 279 3476 (Deest
291 3410 317 3456 iu
328 3407 381 3458 Eri.
397 3405 426 3472 a)
456 3408 528 3457 Idem
548 3408 582 3457 ad
603 3408 673 3458 Fam.
689 3408 727 3459 tx
744 3411 800 3469 7,2
827 3409 888 3459 ‘sed
905 3407 1015 3458 ridicula
1033 3407 1126 3467 missa;
1147 3409 1299 3472 praesertim

187 3493 245 3546 oum
259 3478 294 3527 sit
306 3477 371 3526 nihil
383 3476 452 3539 quod
463 3477 605 3528 rideamus:
624 3477 725 3527 Airioa’
738 3494 761 3529 e.
773 3494 798 3542 q.
808 3493 830 3529 a.
856 3479 910 3529 Hoo
926 3479 983 3528 looo
1001 3477 1089 3545 posuit
1101 3476 1150 3545 Th.
1164 3472 1264 3543 Hugius

175 3671 178 3677 ¹
228 3684 281 3741 307
312 3681 336 3736 is
364 3679 466 3736 dictust
491 3681 555 3736 ollis
583 3682 746 3739 Gronovius.
777 3682 869 3738 dicitis
897 3680 987 3738 dietus
1014 3682 1087 3738 tollis
1115 3680 1186 3756 Beq.
1211 3681 1299 3755 luqd.

186 3766 275 3821 Baro.
298 3765 366 3821 dicit
387 3767 414 3819 la
438 3765 528 3820 dietus
545 3768 622 3822 'tollis
646 3766 777 3839 Maqliub.
806 3767 874 3822 dieit
893 3767 938 3822 his
956 3767 1051 3823 ‘dietus
1078 3768 1192 3822 tolleres
1207 3767 1297 3822 Voss.

187 3850 286 3907 dicitas
312 3850 402 3906 dietus
429 3851 502 3904 tollis
527 3851 625 3906 Petou.
651 3853 731 3907 Gellii
759 3851 800 3924 ef.
825 3867 925 3925 supra.
956 3852 980 3908 is
1005 3853 1113 3920 dietus,
1145 3869 1199 3908 om.
1224 3853 1297 3917 ollis,

185 3937 248 3993 libri
268 3939 298 3991 in
318 3937 400 3994 Brut.
506 3939 559 3995 308
587 3939 708 4007 agebant
734 3936 798 3991 tibra'
815 3938 845 3991 in
865 3937 948 3996 Brut.
974 3937 1015 4010 cf.
1037 3936 1234 3993 Lachmannua
1261 3937 1300 3990 ad

186 4053 272 4111 Luer.
284 4053 321 4108 II
327 4057 380 4114 466
485 4058 539 4115 309
554 4017 702 4130 debiliht'
716 4054 819 4110 Baras
890 4057 1003 4127 populis
1016 4057 1091 4112 uada
1110 4056 1198 4111 Rem.
1209 4054 1296 4126 Lupd.

187 4137 257 4210 Beq.
282 4139 380 4195 Polou.
405 4143 502 4212 populi
526 4143 618 4198 suada
642 4138 773 4211 Maqtiob.
801 4140 879 4196 Voss.
901 4139 981 4196 Gellii
1083 4151 1135 4206 311
1166 4143 1296 4198 terribilis

186 4223 297 4279 Abrzirc.
317 4225 378 4278 Erl.
394 4225 410 4279 b
425 4227 459 4281 de
473 4232 544 4281 orat.
628 4227 726 4282 tremis
742 4224 803 4286 cod.
818 4226 895 4282 Festi
