2932 4942
548 337 789 407 RELIQVIAE
1166 332 1226 397 173

646 509 693 577 XI

215 641 298 710 Nam
316 662 388 709 cum
413 644 519 709 terras
544 639 710 723 circuiret,
740 641 776 707 ut
792 637 825 706 in
849 659 1088 730 quamcumque
1107 638 1225 729 regio-

113 767 188 814 nem
212 748 364 824 uenerat‚
399 766 500 834 reges
527 742 735 833 principesuc
762 740 960 832 populorum
989 741 1133 831 hospitio
1163 740 1224 810 sibi

113 852 146 917 et
163 847 304 917 amicitia
322 846 498 938 copulabat
520 848 552 914 et
570 869 645 915 cum
663 870 683 916 a
704 866 836 938 quoque
854 844 1100 937 digrederetur,
1126 843 1225 914 iube-

113 951 168 1020 bat
186 951 248 1020 sibi
271 953 382 1018 fanum
401 950 503 1019 creari
527 949 667 1040 hospitis
688 950 739 1019 sui
759 948 906 1033 nomine,
934 948 1027 1041 quasi
1046 948 1091 1017 ita
1109 948 1224 1037 posset
1243 961 1283 1021 50

112 1054 272 1123 amicitiae
303 1055 335 1121 et
360 1052 504 1123 foederis
527 1053 681 1122 memoria
708 1052 908 1122 conseruari.
962 1050 1018 1120 Sic
1047 1051 1225 1120 constituta

113 1160 190 1226 sunt
225 1155 346 1245 templa
380 1155 449 1223 Ioui
478 1156 656 1240 Ataburio,
691 1157 761 1227 Ioui
790 1155 986 1225 Labrandio.
1016 1151 1020 1159 ’
1045 1153 1224 1223 Ataburius

113 1260 198 1328 enim
220 1263 252 1327 et
272 1258 478 1327 Labrandius
496 1259 646 1349 hospites
670 1260 742 1329 eius
764 1263 863 1351 atque
887 1258 1056 1327 adiutores
1081 1258 1114 1326 in
1137 1257 1223 1325 bello

112 1364 255 1431 fuerunt.
308 1362 387 1431 Item
415 1361 485 1431 Ioui
508 1361 645 1452 Laprio,
683 1363 752 1432 Ioui
778 1360 930 1446 Molioni,
965 1360 1035 1430 loui
1062 1358 1160 1429 Casio
1193 1362 1226 1428 et

113 1467 301 1559 quaesunt
327 1466 360 1534 in
383 1464 524 1533 cundem
550 1465 693 1534 modum.
735 1465 832 1549 Quod
858 1464 912 1535 illc
937 1463 1140 1534 astutissime
1159 1485 1224 1533 ex·
1242 1482 1282 1542 55

113 1569 287 1660 cogitauit,
320 1573 356 1637 ut
385 1571 418 1636 et
440 1568 501 1637 sibi
528 1568 688 1638 honorem
715 1569 861 1637 diuinum
889 1572 921 1636 et
943 1566 1128 1657 hospitibus
1153 1567 1223 1634 suis

114 1674 309 1761 perpetuum
344 1692 464 1740 nomen
496 1672 680 1764 acquireret
707 1694 787 1759 cum,
809 1671 970 1763 religione
1005 1670 1223 1739 coniunctum.

113 1774 309 1843 Gaudebant
329 1796 413 1866 ergo
431 1774 478 1843 illi
500 1779 533 1843 et
555 1774 631 1843 hinc
648 1775 785 1865 imperio
806 1775 877 1844 eius
896 1774 1035 1843 libenter
1056 1773 1226 1865 obseque-

113 1878 232 1946 bantur
249 1881 282 1946 et
304 1877 443 1946 nominis
462 1876 513 1946 sui
536 1877 645 1969 gratia
664 1879 746 1947 ritus
764 1899 895 1946 annuos
918 1881 950 1945 et
969 1879 1054 1945 testa
1075 1875 1226 1945 celebra-

114 1981 202 2050 bant.
251 1980 363 2049 Simile
392 1981 545 2072 quiddam
571 1981 604 2049 in
625 1979 736 2050 Sicilia
765 1981 841 2050 fecit
865 1982 1015 2064 Aeneas,
1044 2002 1118 2048 cum
1140 2001 1225 2048 con·
1242 2000 1283 2060 50

114 2083 200 2152 ditae
237 2083 310 2152 urbi
344 2084 487 2152 Acestae
524 2083 664 2174 hospitis
700 2106 819 2153 nomen
859 2084 1033 2173 imposuit,
1079 2085 1117 2150 ut
1152 2105 1224 2151 eam

114 2186 325 2276 postmodum
351 2186 457 2255 laetus
477 2208 515 2255 ac
538 2186 642 2255 libens
667 2188 807 2256 Acestes
830 2186 982 2279 diligeret
1005 2189 1144 2277 augeret
1167 2208 1226 2253 or-

115 2294 217 2358 naret.
260 2290 332 2358 Hoc
356 2289 453 2367 modo
473 2289 667 2380 religionem
691 2290 799 2359 cultus
828 2289 879 2358 sui
902 2312 962 2381 per
987 2290 1099 2359 orbem
1119 2293 1227 2358 terrae

114 2392 259 2483 luppiter
273 2392 446 2462 seminauit
465 2395 497 2461 et
516 2393 705 2485 exemplum
723 2394 841 2463 ceteris
859 2394 899 2462 ad
918 2393 1108 2462 imitandum
1127 2392 1225 2461 dedit.

639 2542 700 2614 XII

217 2669 343 2738 Deinde
365 2671 510 2763 luppiter
530 2680 707 2767 postquam
734 2673 931 2768 quinquiens
954 2678 1060 2744 terras
1078 2675 1226 2744 circuiuit
1244 2689 1285 2749 65

115 2772 333 2863 omnibusque
368 2774 480 2842 amicis
515 2781 615 2868 atque
651 2778 804 2869 cognatis
840 2777 910 2845 sois
945 2777 1082 2867 imperia
1116 2778 1227 2847 diuisit

115 2874 311 2965 reliquitque
344 2875 531 2946 hominibus
569 2879 664 2970 leges
694 2901 804 2948 mores
837 2881 1065 2971 frumentaque
1097 2881 1226 2970 parauit

114 2976 283 3068 multaque
318 2976 383 3045 alia
421 2978 508 3048 bona
544 2982 621 3050 lecit
653 2981 826 3053 immortali
862 2981 971 3073 gloria
1005 2983 1226 3075 memoriaque

115 3207 181 3256 quae
194 3191 269 3241 dicit:
289 3206 324 3240 ea
344 3194 560 3258 tempestate'
589 3210 611 3244 e.
626 3211 651 3258 q.
667 3207 689 3243 s.
761 3194 798 3244 Xl
821 3194 967 3245 Lactantius
980 3197 1040 3245 Diu.
1055 3197 1116 3245 Inst.
1132 3197 1178 3250 Ic.
1192 3199 1226 3246 22

115 3261 236 3311 ‘historia
254 3273 315 3310 uero
336 3277 410 3311 sacra
426 3270 533 3313 testatur
551 3264 635 3328 ipsum
652 3265 753 3325 ionem,
769 3273 904 3330 postquam
918 3280 1001 3314 rernm
1018 3267 1114 3331 potitus
1129 3273 1180 3325 est,
1200 3268 1226 3315 in

114 3339 210 3381 tantam
227 3331 388 3380 insolentiam
409 3333 525 3394 uenisse,
550 3341 577 3381 ut
596 3334 653 3399 ipse
671 3335 722 3383 sibi
742 3333 802 3384 fana
821 3335 908 3384 multis
927 3336 952 3384 in
972 3335 1035 3384 locis
1053 3337 1225 3386 constitueret.

115 3401 189 3451 Num
203 3401 283 3450 cum'
301 3417 323 3450 e.
341 3417 365 3464 q.
380 3417 401 3450 s.
423 3404 494 3452 ‘siue
512 3404 591 3468 igitur
604 3418 619 3451 a
632 3403 765 3464 Melisseo,
785 3406 851 3454 sicut
863 3405 990 3470 Didymus
1004 3406 1124 3466 tradidit,
1142 3407 1226 3456 colen-

116 3472 206 3521 dorum
227 3470 332 3519 deorum
351 3472 415 3520 ritus
433 3472 547 3533 effluxit,
566 3474 622 3522 siue
635 3474 667 3523 ab
681 3475 739 3540 ipso
753 3489 854 3538 quoque
868 3476 940 3535 loue,
961 3483 989 3525 ut
1001 3475 1174 3536 Euhemerus,
1194 3477 1226 3527 dc

115 3549 230 3606 tempore
243 3548 327 3590 temen
346 3543 456 3590 constat'
480 3558 502 3592 e.
519 3559 544 3605 q.
560 3557 580 3592 e.
610 3543 650 3594 of.
664 3545 782 3610 Epitome
795 3561 817 3594 c.
832 3547 866 3595 24
936 3544 983 3595 ΧΠ
1002 3545 1149 3596 Lactantius
1164 3548 1224 3612 Diu.

115 3612 175 3660 inst.
195 3613 242 3662 lc.
259 3611 286 3659 tl
310 3610 420 3661 ‘Ennius
440 3614 466 3661 in
482 3627 555 3662 sacra
572 3612 678 3664 historie
697 3615 833 3680 descriptis
854 3616 972 3665 omuibus
989 3617 1094 3679 quaein
1108 3619 1163 3666 uita
1179 3631 1227 3666 sua

115 3677 369 3746 gessit'(1uppiter)
389 3681 437 3731 ‘ad
455 3681 573 3731 ultimum
592 3685 630 3734 sic
649 3685 698 3734 ait:
718 3685 846 3735 deinde'
869 3702 891 3735 e.
911 3702 935 3749 q.
956 3702 977 3736 e.
1013 3687 1081 3743 ‘Hoc
1095 3695 1161 3736 certe
1175 3701 1225 3735 non

114 3754 206 3816 poetae
226 3751 342 3811 tradunt,
367 3751 414 3801 sed
433 3753 594 3816 antiquorum
613 3769 698 3804 rerum
718 3755 874 3820 scriptores!
913 3755 952 3806 Gt.
975 3757 1092 3823 Epitome
1114 3773 1136 3806 c.
1158 3755 1191 3806 13

113 3900 323 3915 ,,-,,,-,,....

158 4006 192 4059 52
212 3998 347 4053 Ataburio
367 3997 432 4068 aliq.
455 3997 526 4052 libri.
544 3998 681 4072 Atabyrio
699 4000 789 4072 augo.
811 4000 937 4054 Atauirio
960 3999 1010 4052 olii
1028 3999 1092 4053 libri
1174 3999 1224 4052 La-

115 4085 234 4138 brandio
244 4084 322 4138 multi
331 4089 357 4136 et
366 4081 429 4137 boni
438 4082 507 4137 libri.
523 4084 662 4140 Labradio
673 4100 745 4140 unus
757 4085 826 4155 ch.
841 4081 998 4138 Labiandro
1008 4084 1055 4137 uel
1067 4081 1224 4137 Labriando

114 4167 161 4220 uel
181 4166 352 4222 Labriandro
371 4168 420 4221 olii
438 4167 502 4221 tom
585 4173 620 4226 54
642 4167 725 4225 Casio
749 4169 802 4223 duo
815 4168 989 4222 uetustissimi
1002 4166 1071 4239 ch.
1086 4182 1149 4222 cam
1164 4168 1226 4222 otiis

114 4246 202 4305 libris.
218 4249 317 4307 Cassio
335 4251 399 4322 ob'q.
417 4250 482 4305 libri
496 4267 554 4310 rec.
568 4254 710 4309 cimoliae
727 4252 789 4309 cdd.
