2932 4942
174 347 257 394 xcw
465 337 773 406 QVAESTIONES
795 341 1024 396 ENNIANAE

173 511 277 577 essent,
290 498 460 575 ie‘reyaoret
473 504 606 560 omnibus.
631 511 660 561 et
683 521 700 562 e
722 504 758 564 ir.
773 503 814 562 IX
835 507 939 579 Siquis
959 508 1026 581 quid
1039 510 1106 562 noui
1120 505 1284 580 inueniebat,

173 631 245 687 atilae
267 632 340 702 quod
358 623 536 710 mortitium!
563 608 630 688 V'aa
652 641 730 703 emet,
752 635 784 688 ed
806 634 931 688 ueniebat
947 630 1028 704 dique
1040 632 1197 689 ostendedit
1212 634 1283 690 Ioui.

173 735 228 807 Qui
250 751 354 791 uersus
376 732 446 791 linet
465 736 645 794 seueriorem
668 752 819 794 censuram
841 752 933 812 aegre
954 737 1125 812 sustineant,
1147 736 1175 796 id
1190 745 1287 796 tamen

173 839 314 914 indicant,
338 855 396 897 non
417 858 524 899 meram
548 840 587 899 ibi
603 859 638 901 ac
659 844 828 920 primitiuam
847 858 964 918 prosam
986 845 1149 902 orationem
1170 842 1282 902 haberi.

173 941 226 1003 Cui
258 945 301 1002 rei
334 945 465 1022 accedit,
494 949 573 1024 quod
603 950 631 1006 in
661 947 720 1006 illis
753 947 892 1007 Lactantii
924 948 1110 1024 dignissimae
1141 948 1285 1027 quaedam

75 1041 80 1050 ’
172 1049 264 1108 Ennio
287 1051 452 1110 locutiones
474 1053 626 1131 dispersae
646 1061 725 1111 suut:
751 1052 832 1112 uelut
860 1053 917 1113 hoc
940 1056 1017 1133 quod
1046 1065 1090 1114 cst
1115 1056 1144 1114 in
1172 1054 1207 1112 tr.
1232 1052 1287 1112 VII

171 1167 287 1215 montem
315 1165 363 1232 qui
387 1170 503 1217 arceatur
534 1167 631 1219 caeli
655 1164 765 1217 stela:
794 1160 909 1236 quando
934 1161 1009 1220 hunc
1033 1168 1150 1239 poetam
1172 1168 1286 1218 constat

171 1280 228 1322 non
261 1262 462 1342 infrequenter
495 1283 574 1325 suam
608 1265 768 1326 orationem
798 1264 919 1325 Graecis
952 1269 1075 1328 uocibus
1106 1266 1284 1340 distinxisse,

172 1368 268 1448 qualia
292 1377 370 1426 sunt:
394 1381 479 1430 immo
502 1370 577 1428 Ann.
601 1371 673 1430 470.
697 1371 774 1438 471;
798 1390 867 1447 oqea
897 1372 971 1431 Aun.
1000 1373 1077 1442 4843
1107 1381 1187 1450 epira
1209 1373 1284 1431 Anu.

172 1477 248 1546 501;
271 1479 369 1535 aethre
392 1475 466 1538 dnn.
486 1476 563 1543 41&
597 1480 714 1551 lyciam
734 1475 807 1533 dnn.
832 1476 908 1553 328,
932 1478 999 1538 alia.
1045 1479 1142 1561 Atque
1168 1480 1218 1540 illa
1243 1479 1284 1539 ia-

172 1582 289 1641 milinris
312 1591 356 1640 est
382 1581 475 1640 Ennio
498 1600 582 1661 quam
606 1598 634 1658 p.
658 1579 714 1640 XX
736 1583 818 1658 tetIgi
840 1584 1023 1644 consuetudo
1049 1585 1215 1663 explicandi
1231 1583 1283 1643 La-

171 1690 230 1747 une
259 1690 283 1746 si
312 1688 380 1765 quid
406 1688 576 1747 Insolentius
609 1697 657 1746 aut
685 1687 798 1747 Graece
828 1690 997 1766 protulerit:
1027 1701 1058 1750 ut
1090 1712 1185 1752 manue
1215 1710 1286 1768 qaas

173 1801 243 1854 Grai
262 1807 423 1867 tnesaurum,
443 1814 493 1854 taos
516 1801 713 1856 Casmetiaram
736 1793 810 1852 Anu.
834 1796 868 1865 23
901 1802 1026 1872 sophiam
1054 1805 1190 1875 capientia
1213 1817 1285 1874 quae

166 1907 329 1978 perhibetur
351 1901 425 1960 Anu.
451 1900 524 1968 227;
559 1912 637 1960 uetito
667 1920 746 1976 quem
774 1905 921 1976 perhibeat
952 1908 1067 1963 Graium
1097 1923 1184 1981 uenat
1213 1912 1285 1964 adra

171 2013 264 2082 lineata
287 2007 362 2066 Anu.
391 2008 464 2075 lam
491 2012 600 2066 Ennius
629 2012 694 2065 dicit
720 2010 811 2065 Nilum
841 2009 976 2066 Melonem
1008 2017 1119 2084 uocari,
1149 2015 1285 2069 Atlantem

171 2132 238 2172 uero
258 2118 430 2173 Telamonem
453 2113 527 2171 Anu.
551 2111 573 2171 I.
597 2112 632 2171 fr.
654 2111 788 2171 XXVIII.
813 2112 924 2186 Quibus
940 2116 1043 2176 similia
1064 2135 1102 2176 ex
1117 2115 1284 2176 Euhemero

172 2228 253 2277 sunt:
276 2225 358 2280 Pluto
380 2227 477 2280 Latine
498 2230 538 2277 eet
558 2224 610 2278 Dio
631 2229 735 2294 pater?
759 2225 808 2278 alii
829 2224 929 2280 Orcum
952 2234 1052 2281 uocant
1070 2221 1143 2282 Eun.
1172 2222 1227 2293 20;
1256 2231 1284 2281 in

172 2345 203 2384 eo
234 2333 292 2386 loeo
319 2333 444 2403 suspexit
469 2333 496 2384 in
522 2331 628 2385 eaelum
652 2331 725 2400 quod
745 2346 819 2384 nanc
836 2346 886 2385 aas
907 2336 1093 2406 nominamus,
1113 2335 1193 2406 idque
1214 2335 1291 2406 Iun·

168 2439 242 2508 piter
262 2439 336 2509 quod
356 2439 451 2493 uetlter
466 2436 617 2492 uocabatur
633 2450 759 2507 precans
774 2439 899 2507 primam
916 2440 1023 2493 eaelum
1044 2442 1195 2495 nominauit
1208 2435 1282 2495 Euh.

172 2540 226 2609 33;
256 2544 320 2601 Ζᾶν
344 2535 462 2622 Κρόνου
488 2543 518 2596 te
543 2547 584 2596 est
609 2542 707 2596 Latiae
735 2541 863 2614 Iuppiter
890 2545 1008 2601 Saturni
1031 2540 1105 2602 Euh.
1130 2544 1180 2602 74.
1208 2542 1284 2616 Quin

172 2649 258 2707 etiam
279 2648 454 2709 adlitteratio
477 2649 505 2706 in
524 2646 568 2706 his
593 2650 738 2704 Curetes
757 2649 809 2719 filii
828 2653 873 2707 sai
891 2660 1121 2708 euroueraat
1144 2648 1218 2709 Euh.
1243 2651 1279 2710 71

171 2756 238 2815 mini
259 2756 320 2815 uisa
345 2764 389 2814 est
418 2753 548 2832 speciem
572 2752 714 2831 quandam
741 2751 898 2813 Ennianum
925 2751 1045 2814 habere.
1090 2755 1153 2830 Qua
1175 2774 1208 2815 re
1229 2755 1282 2816 lal-

170 2863 266 2922 luntur
288 2863 337 2941 qui
359 2860 552 2935 iactantiam,
573 2872 636 2918 cum
660 2874 714 2936 per
746 2855 920 2919 Ciceronem
949 2861 1037 2920 talem
1066 2861 1152 2921 Ennii
1179 2862 1282 2921 librum

170 2972 239 3031 oIIm
262 2971 353 3031 fuisse
376 2969 523 3043 mouisset,
548 2983 604 3044 quo
627 2966 719 3024 maior
739 2983 810 3025 suae
835 2965 985 3054 doetrinae
1014 2969 1172 3028 auctoritas
1193 2955 1282 3030 adde·

169 3087 267 3152 retur,
290 3077 382 3157 Ipsum
408 3094 459 3135 sua
480 3092 563 3134 manu
591 3072 768 3132 confinxisse
790 3089 865 3150 qnae
884 3091 938 3151 pro
960 3072 1097 3133 Ennianis
1119 3074 1283 3134 uenditaret

169 3183 352 3243 arbitrantur.
398 3184 470 3245 Nam
506 3181 585 3261 quod
612 3181 717 3240 uerbis
745 3176 945 3238 CiceronianIs
975 3176 1097 3238 Ennium
1125 3177 1281 3238 Euhemeri

168 3307 281 3349 sacram
294 3289 443 3349 historIam
456 3291 688 3366 ‘iuterpretatum
701 3293 868 3363 essentque
885 3289 1029 3344 secutum'
1042 3285 1111 3344 dicit
1123 3281 1172 3366 (fr.
1186 3280 1282 3361 VIII),

170 3393 238 3471 quid
259 3396 360 3453 mirum
389 3396 417 3454 in
449 3405 505 3454 tam
532 3392 663 3470 diligenti
687 3388 839 3449 Ciceronis
867 3389 1005 3452 lectore?
1054 3388 1281 3450 Verumtamen

169 3502 233 3578 ipse
253 3501 406 3577 ignorasse
428 3502 541 3561 uidetur
561 3499 644 3559 Ennii
665 3497 785 3571 librum,
812 3514 896 3575 quem
917 3499 1033 3576 ineptiis
1058 3504 1210 3575 poetarum
1227 3496 1285 3574 op·-

170 3615 259 3684 ponat
288 3605 339 3684 (fr.
365 3606 414 3666 III.
443 3605 533 3686 xli),
563 3605 698 3665 uersibus
728 3607 924 3684 consumptum
953 3606 1063 3680 fuisse,
1101 3604 1281 3682 qnanmmuis

167 3711 238 3772 alibi
256 3729 288 3770 se
307 3710 390 3771 Ennii
409 3712 500 3773 uerba
518 3711 685 3772 traditurum
701 3711 883 3789 profiteatur,
906 3710 943 3769 cf.
957 3709 993 3769 fr.
1017 3708 1067 3770 III.
1087 3708 1164 3769 VIII.
1210 3708 1281 3769 Inde

168 3819 291 3897 suspitio
317 3827 383 3878 nata
413 3818 496 3878 Ennii
526 3836 630 3877 uersus
656 3819 810 3895 antiquitus
836 3820 938 3877 nescio
961 3837 1047 3897 quem
1069 3816 1097 3875 iu
1121 3817 1282 3876 orationem

168 3924 336 4003 pedestrem
365 3925 563 3999 conuertisse,
587 3940 748 3984 conuersos
772 3943 853 3983 suum
882 3924 911 3982 in
943 3941 1025 3982 usum
1058 3940 1183 3984 uacasse
1209 3922 1280 3984 Lac·

169 4032 296 4092 tantium.

586 4179 870 4190 ——--—--.-—...
