2932 4942
526 861 927 969 nanasarro

242 1179 300 1260 Ὠ.
326 1181 428 1246 Ennii
451 1183 577 1269 poesim
602 1203 662 1269 per
687 1180 861 1247 multorum
885 1182 988 1248 libros
1017 1181 1199 1274 dispersam
1229 1178 1285 1276 qui

119 1351 122 1357 .
169 1299 207 1362 in
234 1319 336 1363 unum
350 1299 525 1395 conligere
553 1309 585 1371 et
612 1300 782 1366 emendate
806 1302 945 1389 scriptas
972 1299 1150 1388 particulas
1176 1300 1212 1363 in
1236 1297 1285 1360 in-

171 1397 324 1501 tegrioris
346 1418 489 1506 aliquam
503 1420 648 1506 corporis
662 1421 804 1506 speciem
822 1427 1008 1484 restaurare
1022 1416 1120 1484 hodie
1134 1424 1286 1502 suscepe-

171 1536 228 1618 rit,
250 1536 279 1599 is
300 1556 418 1603 uereor
432 1546 469 1603 ut
482 1541 634 1627 cuiquam
646 1546 703 1603 aut
717 1557 996 1624 superuacaneum
1010 1533 1156 1600 laborem
1177 1530 1286 1598 subire

171 1662 229 1719 aut
254 1654 517 1738 intempestiuam
545 1655 709 1718 insumere
737 1652 1057 1741 operam‘uideatur.
1101 1651 1186 1716 Nam
1213 1675 1287 1717 cum

172 1781 286 1837 nostra
303 1770 433 1834 demum
454 1779 545 1835 aetas
566 1772 664 1836 etiam
679 1771 919 1855 remotissimis,
942 1792 1025 1860 quae
1047 1771 1103 1838 diu
1118 1762 1287 1859 neglectae
1308 1784 1311 1793 '

173 1891 339 1973 iacebant,
361 1889 543 1957 litterarum
562 1890 782 1957 Romanarum
803 1891 951 1980 partibus
974 1900 1160 1979 exoptatam
1180 1893 1287 1958 lucem

172 2009 333 2092 attulerit,
366 2016 435 2073 turn
464 2010 670 2097 superiorum
697 2011 799 2077 Ennii
830 2010 1010 2077 editionum
1041 2002 1101 2076 uix
1131 2003 1214 2075 ulla¹
1227 2018 1286 2094 est,
1372 2009 1396 2038 ”

172 2151 257 2217 quae
279 2125 442 2193 desiderio
456 2127 568 2215 paullo
591 2130 749 2196 seueriori
771 2131 851 2195 satis
864 2130 975 2195 facere
995 2130 1109 2217 possit.
1153 2129 1287 2193 Etenim

172 2270 213 2313 ne
242 2246 321 2334 quid
346 2246 490 2333 iniquius
520 2246 561 2312 de
588 2246 884 2335 Stephanorum
910 2271 989 2314 eura
1015 2247 1174 2331 iudicem,
1205 2234 1287 2335 quos

144 2356 146 2360 ’
173 2365 388 2454 conquirendi
422 2365 606 2436 Ennianos,
632 2365 788 2454 reliquias
827 2359 956 2432 initium
992 2366 1111 2431 fecisse
1150 2372 1287 2451 constat,

171 2487 226 2551 uel
248 2483 563 2572 ipsa'Columnae
584 2484 760 2550 laudabilis
783 2487 947 2551 industria
965 2486 1103 2551 multum
1124 2484 1222 2568 afuit,
1252 2493 1289 2549 ut

173 2604 298 2687 omnia,
330 2624 413 2690 quae
442 2603 477 2667 in
498 2602 561 2669 hoe
582 2583 704 2690 genere
724 2606 885 2690 praestari
913 2603 1069 2687 debeant,
1098 2602 1287 2668 confecerit.
1384 2590 1387 2595 ’

172 2723 217 2788 Ni
237 2723 357 2786 mirum
378 2722 589 2808 interpretem
609 2731 677 2788 tam
695 2745 804 2787 rerum
824 2720 922 2811 quam
941 2715 1101 2787 dictionis
1116 2721 1288 2787 Ennianae

173 2862 233 2925 pro
253 2840 311 2904 illa
333 2839 465 2927 quidem
487 2848 594 2906 aetate
617 2843 750 2927 egregie
771 2828 808 2906 se
829 2841 947 2927 gessit,
977 2841 1124 2907 criticam
1147 2864 1289 2928 operam,

176 2979 241 3045 qua
261 2958 403 3022 maxime
424 2956 619 3043 indigebant
638 2958 675 3022 hi
695 2980 828 3041 uersus,
857 2980 974 3044 parum
998 2959 1123 3023 intente
1145 2960 1289 3042 nauauit,

175 3096 237 3139 nec
263 3074 334 3139 fere
369 3075 478 3161 attigit
510 3074 705 3161 disponendi
732 3095 773 3138 ac
797 3074 975 3161 probabili,
1013 3098 1077 3163 quo
1107 3076 1184 3143 olim
1211 3076 1291 3142 fuis-

175 3202 249 3260 sent
268 3194 399 3278 ordine,
429 3193 622 3259 coneotendi
645 3193 830 3280 fragmenta
852 3191 1006 3259 officium.
1051 3194 1165 3285 Neque
1187 3198 1291 3285 isqui

173 3312 353 3401 repetendo
384 3313 563 3407 Columnae
599 3310 684 3381 libro
719 3312 862 3402 praefuit
895 3311 1133 3399 Hesselius,
1159 3309 1292 3382 'nouare
1318 3298 1321 3302 ⁵

86 3470 91 3476 ·
176 3435 349 3522 quiequam
370 3435 406 3497 in
427 3433 570 3498 auctoris
593 3454 691 3521 opere
712 3412 871 3517 instituti
892 3433 1152 3520 supplementum
1165 3443 1292 3501 tantum

79 3624 88 3633 ,,
173 3554 250 3618 huic
269 3574 376 3619 nouae
403 3551 540 3617 editioni
560 3553 670 3620 uarias
692 3551 893 3617 eruditorum
920 3554 956 3616 in
977 3554 1123 3619 Ennium
1144 3563 1238 3620 notas
1260 3564 1293 3620 et

176 3673 408 3759 castigationes
431 3671 580 3738 subiecit.

258 3774 396 3856 Praeter
420 3791 495 3859 illos
523 3789 632 3858 autem
654 3813 750 3857 nemo
757 3840 767 3874 ,
797 3788 880 3878 quae
906 3768 948 3856 de
969 3791 1070 3856 Ennii
1092 3788 1292 3884 carminibus

165 3917 385 3998 supersunt,
412 3912 521 3977 omnia
542 3909 805 3999 comprehendit:
835 3910 894 3976 sed
912 3912 1031 3997 tragici
1054 3911 1202 3997 epioique
1223 3916 1293 3972 tan-

174 4038 244 4095 tum
265 4030 397 4117 generis
413 4010 615 4119 particulae,
646 4031 681 4095 in
701 4030 783 4096 duos
808 4031 902 4117 quasi
923 4050 1108 4116 granorum
1122 4025 1292 4090 aceruulos

167 4128 356 4233 conlectae,
394 4148 623 4216 tractabantur
652 4149 798 4214 seorsim.
854 4151 905 4214 Ac
937 4146 1128 4233 tragoediae
1163 4143 1294 4230 quidem

170 4265 338 4367 reliquiis,
365 4269 401 4334 in
427 4271 629 4358 tragicorum
649 4267 842 4333 Latinorum
865 4285 1001 4353 corpore
1028 4263 1186 4349 receptis,
1216 4262 1294 4330 olim
