2932 4942
557 339 802 411 RELIQVIAE
930 381 934 391 .
1178 331 1239 399 171

129 515 192 605 (sic
217 517 250 584 et
272 514 325 583 hic
346 516 378 582 et
405 513 490 582 infra
509 511 692 580 politianus
711 510 802 580 Misc.
828 533 855 580 c.
874 519 914 582 35
941 533 960 580 e
981 511 1111 580 duobus
1132 510 1241 578 Medi-

128 617 214 705 ceis3
232 618 434 687 Homerus
452 614 627 707 utrobique
639 613 760 706 uulgo)
780 614 873 684 ‘dicit
890 614 1104 683 crabronibus
1122 618 1154 682 et
1168 615 1241 683 sole

129 721 259 812 genitas
298 742 379 811 apes
416 741 499 813 quas
537 718 705 809 nymphae
735 717 970 808 Phryxonides
1006 717 1241 802 educauerunt,

128 846 220 893 mox
238 823 411 893 Dictaeo
431 843 560 913 specu
582 821 697 891 louis
718 821 919 890 extitisse
940 820 1125 890 nutrices
1144 843 1242 890 eas-

129 950 206 1020 que
243 927 398 1017 pabula
425 946 592 995 munere
629 924 692 993 dei
724 924 905 994 sortitas
940 923 1086 1016 quibus
1123 923 1242 1014 ipsae

128 1050 303 1120 paruum
325 1028 612 1098 educauerant
635 1027 848 1097 alumnum.
893 1027 960 1096 lsta
983 1025 1068 1095 enim
1091 1026 1242 1119 quamuis

128 1155 195 1201 non
223 1131 403 1201 dedeceant
430 1135 580 1221 poetam,
615 1131 800 1200 summatim
824 1134 933 1200 tamen
963 1133 996 1198 et
1018 1152 1086 1199 uno
1116 1133 1243 1199 tantum

127 1235 227 1304 modo
241 1234 409 1304 uersiculo
423 1234 543 1303 leuiter
557 1233 666 1326 attigit
680 1233 853 1327 Vergilius
869 1255 944 1303 curu
958 1233 1006 1303 sic
1025 1233 1086 1302 ait:
1107 1233 1242 1304 Dictaeo

128 1338 210 1409 caeli
239 1360 354 1430 regem
377 1359 501 1428 pauere
528 1337 590 1406 sub
614 1342 718 1407 antro.
760 1338 827 1407 Sed
844 1359 886 1406 ne
907 1336 987 1405 illud
1011 1335 1140 1429 quidem
1162 1359 1244 1427 per-

62 1509 65 1512 ,
128 1442 209 1511 tinet
230 1441 273 1511 ad
294 1441 477 1532 agricolas,
507 1439 640 1532 quando
660 1443 693 1509 et
716 1440 750 1510 in
771 1464 837 1533 qua
855 1440 994 1532 regione
1017 1439 1156 1529 primum
1178 1463 1244 1524 na-

128 1548 182 1614 tae
209 1545 290 1628 sint,
325 1548 434 1613 utrum
461 1543 495 1611 in
520 1543 694 1612 Thessalia
727 1544 790 1613 sub
819 1542 975 1612 Aristaeo
1006 1565 1048 1611 an
1077 1543 1246 1613 ininsula

129 1646 213 1741 Cea,
243 1650 278 1716 ut
296 1647 407 1716 scribit
425 1646 652 1715 Euhemerus!

661 1794 710 1863 Vl

232 1911 422 1983 Lactantius
442 1911 516 1981 Diu.
537 1911 614 1982 lnst.
638 1913 691 1983 le.
708 1924 746 1984 14
774 1912 917 1984 ‘relicua
936 1913 1073 1985 historia
1094 1915 1142 1984 sio
1161 1936 1246 1983 con-

129 2015 267 2085 texitur:
295 2017 408 2086 louem
435 2014 600 2101 adultum,
628 2039 701 2086 cum
725 2016 874 2087 audisset
894 2020 1019 2110 patrem
1050 2022 1148 2111 atque
1170 2039 1245 2087 ma·
1321 2078 1324 2083 .

129 2121 212 2188 trem
240 2119 399 2189 custodiis
431 2117 689 2211 circumsaeptos
719 2122 819 2213 atque
853 2121 886 2189 in
912 2121 1046 2191 uincula
1078 2121 1245 2191 coniectos

130 2222 264 2292 uenisse
293 2245 367 2292 curu
391 2244 513 2313 magna
537 2221 743 2293 Cretensium
772 2224 994 2310 multitudine,
1028 2225 1246 2318 Titanumque

130 2347 169 2394 ac
198 2325 285 2395 filios
313 2328 384 2396 eius
411 2326 594 2418 pugnando
625 2327 763 2413 uicisse,
803 2330 958 2418 parentes
989 2328 1129 2398 uinculis
1145 2351 1246 2398 -exe-

130 2428 248 2514 misse,
276 2429 360 2520 patri
393 2451 532 2521 regnum
559 2431 744 2501 reddidisse
773 2433 871 2523 atque
900 2432 946 2500 ita
972 2433 1003 2500 in
1031 2431 1159 2502 Cretam
1187 2455 1246 2501 re-

129 2553 276 2602 measse:
319 2537 397 2624 post
429 2533 511 2602 haec
548 2533 845 2604 deinde·Saturno
881 2535 988 2604 datam
1026 2539 1167 2621 sortem,
1209 2544 1246 2604 ut

130 2639 264 2705 caueret
293 2657 334 2705 ne
364 2635 453 2704 filius
480 2658 555 2704 eum
585 2658 692 2729 regno
716 2638 914 2728 expelleret:
950 2637 1040 2707 illum
1065 2638 1246 2708 eleuandae

130 2739 230 2807 sortis
256 2742 356 2830 atque
379 2738 560 2828 effugiendi
585 2738 720 2829 periculi
750 2740 858 2830 gratia
886 2739 1074 2811 insidiatum
1094 2741 1181 2826 Ioui,
1209 2745 1246 2810 ut

130 2861 206 2908 eum
232 2842 381 2909 necaret:
416 2841 527 2908 Iouem
554 2841 696 2933 cognitis
725 2841 852 2911 insidiis
880 2864 1021 2934 regnum
1046 2844 1107 2912 sibi
1136 2845 1246 2913 denuo

131 2941 319 3012 uindicasse
346 2964 386 3011 ac
413 2943 555 3034 fugasse
577 2943 773 3028 Saturnum,
810 2943 963 3036 quicum
988 2946 1126 3016 iactatus
1155 2950 1246 3016 esset

130 3067 190 3135 per
221 3066 337 3113 omnes
366 3047 471 3114 terras
504 3046 780 3139 persequentibus
809 3048 959 3134 armatu,
993 3071 1079 3140 quos
1104 3050 1146 3118 ad
1171 3072 1246 3119 eum

130 3148 474 3238 comprehendendum
499 3149 551 3217 uel
578 3149 760 3218 necandum
777 3150 923 3241 luppiter
946 3151 1097 3236 miserat,
1132 3153 1191 3222 uix
1213 3153 1247 3222 in

130 3250 223 3320 ltalia
246 3252 353 3320 locum
375 3252 408 3320 in
431 3274 497 3344 quo
520 3252 637 3321 lateret
658 3251 802 3322 inuenit!
839 3251 889 3323 of.
907 3254 934 3323 ll

648 3400 711 3471 Vll

70 3528 111 3588 30
233 3514 357 3583 Deinde
380 3514 451 3583 Pau
488 3539 562 3584 eum
597 3518 791 3614 deducitin
815 3525 977 3604 montem,
1018 3521 1073 3612 qui
1107 3527 1247 3591 uocatur

129 3617 210 3688 caeli
235 3617 327 3686 stela.
367 3618 549 3712 Postquam
572 3642 612 3690 eo
639 3623 803 3708 ascendit,
832 3623 1073 3714 contemplatus
1102 3628 1153 3694 est
1179 3625 1245 3694 late

128 3831 196 3880 seat,
216 3819 335 3885 prohibet
348 3820 462 3871 eiusdem
476 3821 600 3873 lactantii
614 3823 732 3890 Epitomc
746 3841 768 3874 c.
786 3825 819 3876 13
890 3828 938 3876 Vll
956 3827 1102 3875 Lactantius
1112 3827 1171 3875 Diu.
1183 3828 1245 3877 luat.

128 3890 222 3940 1e11
250 3890 292 3938 ‘in
310 3905 402 3940 sacra
417 3891 560 3942 historia
575 3894 613 3943 sic
624 3893 721 3944 llnnius
733 3895 824 3946 tradit:
845 3895 978 3947 deinde’
993 3913 1015 3943 o.
1032 3911 1056 3956 q.
1072 3911 1094 3944 s.

170 4082 206 4134 30
226 4080 282 4133 Pan
307 4097 370 4134 eum
383 4081 510 4152 plerique
525 4082 597 4137 libri.
620 4101 741 4153 paueum
760 4085 819 4138 siue
840 4096 979 4151 panaeum
1000 4082 1049 4136 ulii
1065 4081 1137 4135 libri.
1157 4099 1245 4151 paue-

128 4160 205 4214 nium
230 4161 301 4233 Rep.
329 4167 534 4238 antiquissimus
623 4172 657 4226 31
687 4169 756 4222 stola
782 4166 934 4222 Cloconius.
958 4166 1038 4220 stolia
1062 4181 1114 4220 ms.
1143 4166 1243 4222 Victor.

130 4243 210 4298 stella
223 4248 307 4300 ceteri
319 4248 382 4302 libri
395 4253 421 4302 et
432 4249 494 4302 edd.
511 4264 605 4305 omues
