2932 4942
173 386 197 433 x
252 382 262 397 '
382 421 387 431 .
606 376 860 435 ranarum

172 538 290 640 mereri
312 545 425 603 notum
446 547 511 623 est,
533 563 592 606 suc
615 547 731 625 rogatu
753 529 909 620 adduxit,
933 547 969 603 ut
991 539 1111 608 edendi
1134 552 1285 628 opportu-

171 658 307 722 nitatem
332 666 543 746 sumptusque
571 658 751 724 liberaliter
774 658 956 746 praeberet.
1002 659 1075 740 Quo
1102 660 1210 725 acrius
1234 683 1286 725 me

171 776 255 843 illud
275 769 392 843 cauere
415 777 569 860 decebat,
595 801 637 843 ne
656 777 733 843 libri
755 779 855 843 nitori
876 798 915 842 ac
933 779 1075 863 gratiae,
1106 801 1190 866 quae
1209 782 1286 845 arti·

171 895 246 961 ficio
272 893 436 960 Teubneri
459 895 612 981 debetur,
644 896 729 961 male
751 896 964 984 responderet
991 898 1117 963 incuria
1138 897 1285 963 editoris.

172 1014 283 1095 Quare
309 1014 389 1102 quid
416 1013 590 1079 iucundius
617 1015 698 1080 mihi
725 1018 895 1103 magisque
924 1025 1115 1102 exoptatum
1136 1039 1208 1082 esse
1230 1039 1286 1102 po-

171 1141 257 1198 terat
279 1155 378 1220 quam
397 1131 459 1199 tali
478 1133 665 1199 adiumento
687 1157 727 1201 ac
748 1133 914 1221 praesidio
935 1136 1000 1217 uti,
1027 1125 1124 1221 quale
1146 1135 1286 1218 insignis
1353 1179 1355 1185 -

171 1250 413 1317 beniuolentiae
440 1252 669 1317 documentum
689 1253 1122 1319 normannicarum
1145 1261 1212 1317 tam
1239 1253 1287 1318 in·

171 1371 261 1456 genii
286 1393 385 1459 quam
407 1371 575 1437 oculorum
599 1372 745 1437 sollertia
765 1370 935 1458 praebuit:
965 1373 1022 1459 qui
1044 1394 1119 1437 cum
1139 1367 1287 1458 pagellas

170 1511 298 1555 mecum
317 1489 562 1577 typothetarum
582 1490 749 1557 erroribus
767 1511 909 1578 purgare
931 1513 997 1565 non
1021 1499 1221 1574 recusasset,
1252 1493 1287 1555 in

171 1630 210 1674 eo
239 1607 351 1674 labore
371 1610 594 1695 ingratissimo
622 1618 690 1675 tarn
718 1611 837 1674 acriter
865 1611 952 1675 rexit
983 1611 1147 1676 inscitiam
1174 1632 1286 1696 opera

170 1749 258 1810 rum,
281 1749 379 1815 quam
398 1728 542 1814 benigne
561 1752 668 1795 meam
688 1730 810 1794 uirium
828 1729 1020 1795 tenuitatem
1042 1738 1076 1795 et
1094 1728 1199 1793 doctis
1220 1750 1287 1793 mo·

170 1846 349 1912 niticnibus
369 1857 401 1917 et
422 1850 565 1934 egregiis
586 1847 732 1913 inuentis
754 1847 891 1933 adiuuit.
932 1864 935 1871 '
1052 1865 1054 1869 ’

254 1964 379 2029 Verum
392 1989 467 2032 cum
481 1968 546 2031 iam
560 1968 649 2033 bcna
659 1988 737 2052 pars
752 1965 1011 2050 fragmentorum
1024 1967 1116 2053 prelo
1130 1967 1286 2050 exissent,

170 2107 212 2150 en
239 2105 345 2150 nouae
378 2086 538 2151 accedunt
567 2084 719 2151 Halmii
741 2082 1091 2173 ‘Fleckeiscnique
1125 2085 1286 2152 subsidio·

170 2227 242 2268 rum
264 2203 358 2268 detes
376 2205 594 2290 gratissimae.
639 2203 683 2268 Et
702 2203 968 2268 Fleckeiseni
993 2203 1125 2292 quidem
1144 2205 1288 2269 amicitia

169 2323 376 2406 factumest,
405 2332 442 2388 ut
462 2323 505 2388 ad
528 2346 660 2406 uersus,
688 2322 806 2410 quibus
826 2321 1009 2409 Appuleius
1030 2324 1149 2406 utitur,
1174 2323 1286 2409 Hedy-

169 2441 416 2529 phageticorum
447 2440 489 2506 ab
520 2441 697 2507 Henrico
733 2440 872 2506 Keilic
909 2444 1041 2507 excussi
1072 2442 1288 2507 Laurentiani

169 2563 263 2627 uaria
284 2561 381 2626 lectio
402 2583 492 2626 meas
510 2561 545 2625 in
564 2583 679 2629 manus
701 2561 839 2626 ueniret.
872 2560 1060 2633 Halmius
1083 2570 1201 2646 autern,
1222 2586 1286 2650 quc

170 2680 372 2766 singularem
394 2702 474 2765 erga
494 2702 546 2745 me
574 2679 831 2745 beniuolentiam
857 2678 1052 2763 cumularet,
1080 2680 1286 2767 perlustratis

170 2823 254 2888 quae
283 2799 450 2874 officinam
479 2798 680 2886 reliquerant
705 2797 863 2883 pagellis,
904 2807 936 2862 et
963 2820 1007 2863 ex
1033 2797 1198 2864 uberrimo
1227 2823 1286 2866 suo

170 2919 338 2985 Ciceronis
365 2926 524 3004 apparatu
549 2926 584 2998 *et
614 2915 892 3002 eBambergensi
920 2917 1084 2981 Prisciani
1106 2916 1286 3013 ‚Orosiique

170 3038 263 3141 libris
280 3038 371 3103 misit
389 3037 533 3123 opimum
545 3037 761 3123 discrepantis
776 3037 956 3139 scripturae
974 3036 1166 3101 auctarium.
1203 3037 1286 3102 Cum

170 3165 341 3244 praeterea
377 3165 411 3221 et
448 3155 528 3221 mihi
563 3157 700 3240 sensim,
724 3178 822 3243 guae
859 3155 1072 3240 corrigerem,
1105 3153 1286 3220 subnasce-

169 3285 297 3359 rentur,
335 3274 402 3339 alia
435 3274 559 3359 Gellio,
593 3277 649 3362 qui
685 3276 812 3342 interea
845 3274 951 3339 lucem
986 3275 1085 3359 uidit,
1120 3275 1287 3340 Hertaii

170 3394 421 3480 Kayserique
446 3394 497 3459 his
516 3394 597 3481 ipsis
619 3394 736 3459 diebus
758 3376 887 3459 emisso
900 3393 1076 3460 Cornificio
1096 3393 1139 3458 ad
1159 3394 1286 3459 Heren-

170 3515 261 3579 nium
282 3511 506 3596 adferrentur,
527 3513 604 3578 inde
622 3533 688 3577 non
708 3522 807 3579 tenue
828 3512 1070 3594 addendorum,
1092 3513 1181 3598 quod
1199 3514 1287 3578 infra

171 3634 324 3720 exposui,
347 3631 554 3718 spicilegium
575 3633 749 3697 succreuit.

175 3796 181 3803 -
254 3748 1059 3817 AnnaliumIfr.VlIcondiceretsem‘diase
1077 3747 1244 3814 Leidab
1348 3751 1351 3756 ’

214 3875 255 3937 36
273 3882 304 3936 et
318 3878 379 3936 cicc
399 3869 493 3963 Leid.
508 3869 564 3935 ab
614 3872 691 3951 337
711 3876 787 3934 talia
807 3880 870 3933 tam
890 3878 1034 3933 memorat
1050 3866 1145 3967 ¹Leid.
1159 3867 1245 3932 abc

213 3992 254 4055 38
274 3995 420 4071 eurydice
432 3989 527 4055 Leid.
540 3989 606 4055 ab.
627 3993 765 4053 misire
776 3987 906 4055 Laide
991 3989 1032 4051 39
1050 3993 1115 4053 uita
1128 3991 1196 4054 mesi
1214 4010 1287 4053 cor-

168 4134 228 4192 pus
248 4091 328 4175 nuuc
350 4108 597 4188 (naericorpusin
613 4106 742 4190 rasura)
764 4106 859 4187 Leid.
872 4106 906 4172 b.
929 4107 1050 4186 utaque
1067 4129 1178 4187 cerpus
1195 4110 1288 4172 araim
1356 4122 1358 4127 ’

172 4253 252 4297 nunc
271 4230 366 4296 Leid.
388 4250 408 4291 c
493 4229 534 4290 40
556 4246 664 4291 amena
685 4224 780 4291 Leid.
799 4248 859 4293 ac
887 4282 890 4287 .
943 4229 984 4291 42
997 4202 1134 4311 corrige
1147 4235 1217 4306 post
1233 4232 1287 4291 ἱΙΙα

171 4351 208 4417 in
233 4357 328 4417 textu
383 4367 385 4371 ·
413 4350 455 4413 43
485 4367 613 4429 umere
639 4352 740 4429 utiquc
762 4367 851 4430 porse
880 4345 1021 4413 Loidc
1103 4347 1146 4411 '45
1179 4345 1288 4411 scribe
