2932 4942
604 331 834 387 ENNlANAE
1166 343 1279 388 XXXIX

169 500 276 575 ligitur,
302 499 356 556 iam
378 496 500 556 Ennium
524 497 561 556 de
582 496 707 557 Hersilia
729 499 756 554 in
779 495 885 555 Horam
907 498 1017 572 Quirini
1040 505 1211 557 commutata
1230 515 1278 557 ce·

169 606 291 664 ciuisse:
314 622 398 682 quam
413 621 474 663 rem
490 621 571 663 more
585 621 639 662 suo
659 604 821 663 inlustrauit
832 599 952 660 Ouidius
972 597 1041 660 lllet.
1056 603 1123 663 XlV
1138 602 1198 665 829
1211 623 1276 683 sqq.

523 748 534 765 ⁹
639 791 819 853 ourvru

253 921 298 982 Dc
321 924 487 983 secundo
510 922 632 982 annali
655 938 747 999 pauca
766 927 832 978 sunt
854 937 929 997 quae
953 927 1060 997 egeant
1082 921 1278 996 enarratione,

169 1047 233 1087 cum
256 1047 312 1088 nec
334 1029 441 1089 multae
459 1047 497 1088 ex
517 1028 572 1088 bac
594 1037 678 1106 parte
696 1046 752 1086 nec
774 1045 828 1086 eae
851 1027 914 1086 lere
930 1025 1120 1086 obscuriores
1135 1025 1278 1104 reliquiae

168 1136 342 1212 supersint.
376 1134 472 1195 Trium
495 1136 543 1213 qui
562 1132 714 1195 Romulum
738 1135 879 1211 deinceps
902 1133 995 1192 secuti
1014 1142 1080 1193 suut
1097 1151 1200 1210 regum
1221 1132 1278 1191 llo·

170 1258 318 1299 manorum
346 1249 430 1316 gesta
451 1242 651 1318 perhibentur.
697 1242 742 1301 Ac
761 1241 915 1314 Numam,
940 1256 1025 1317 quem
1047 1256 1139 1316 aegre
1162 1241 1210 1317 qui
1233 1257 1278 1298 sa·

111 1325 113 1329 ⁷
171 1349 212 1425 pit
235 1349 262 1405 in
292 1348 412 1425 primum
440 1345 572 1405 annalem
600 1349 751 1423 inferciat,
781 1366 865 1406 unum
893 1364 931 1405 ex
957 1347 1024 1423 ipso
1052 1344 1127 1404 libro
1154 1345 1279 1404 adlatum

169 1454 362 1531 fragmentum
389 1450 460 1530 (tv)
483 1450 633 1530 designat,
663 1457 691 1514 in
713 1472 771 1532 quo
792 1454 880 1513 facile
905 1469 1071 1513 sermonem
1094 1450 1204 1512 Numae
1228 1471 1278 1530 ag·

79 1578 83 1586 ·
168 1575 287 1634 nosces,
310 1559 359 1635 qui
378 1555 505 1616 salubria
527 1558 654 1619 instituta
681 1560 773 1620 uoluit
800 1559 914 1618 aboleri
936 1568 1004 1636 post
1036 1557 1155 1617 obitum.
1198 1558 1280 1632 Quae

169 1665 316 1736 instituta,
339 1680 422 1722 sacra
450 1664 591 1738 maxime,
612 1665 791 1723 enomerauit
809 1663 935 1739 Ennius,
959 1681 1017 1722 non
1039 1665 1206 1743 explanauit
1231 1674 1279 1724 aut

171 1770 275 1828 colore
294 1768 419 1846 quodam
442 1769 562 1843 poetico
584 1786 685 1845 parum
706 1778 818 1844 gratam
846 1771 930 1848 poesi
957 1771 1108 1829 materiem
1136 1771 1278 1831 distinxit:

171 1876 314 1952 siquidem
340 1874 431 1932 tenuit
454 1874 482 1931 in
504 1873 623 1933 relicuis
644 1862 763 1950 morem,
788 1894 875 1954 quem
896 1879 1072 1955 superstites
1095 1894 1131 1934 ex
1151 1876 1209 1936 boc
1226 1896 1278 1954 ge·

170 2000 243 2041 nere
266 1998 368 2038 uersus
389 1978 440 2055 (ll.
464 1980 521 2059 lll)
551 1981 716 2040 ostendunt.
762 1981 827 2055 Quo
851 1981 1011 2058 liberalius,
1033 1992 1114 2061 puto,
1137 2002 1174 2042 ne
1196 1985 1278 2043 nimis

169 2105 259 2166 parce
285 2085 434 2145 uideretur
476 2084 587 2146 Numae
615 2089 782 2148 memoriam
812 2096 970 2163 tractasse,
1000 2087 1127 2166 Egeriae
1155 2090 1280 2150 fabulam

169 2193 334 2252 contexuit:
366 2208 538 2270 quamquam
566 2213 639 2253 unus
670 2203 778 2253 tantum
806 2202 836 2253 et
860 2194 908 2271 qui
936 2194 984 2251 uix
1011 2197 1208 2256 coniecturam
1241 2196 1278 2255 de

169 2299 252 2358 Ennii
275 2299 440 2358 narratione
466 2298 602 2359 concedit
626 2301 748 2376 elegans
767 2299 932 2359 uersiculos
954 2310 1046 2360 restat
1068 2306 1115 2362 otti
1138 2308 1280 2378 respondit

168 2413 264 2467 saunas
284 2423 369 2465 sonus
389 2409 506 2482 Egeriai
524 2405 579 2484 ().
1149 2381 1155 2390 ¹

254 2511 319 2570 Non
335 2510 434 2586 multa,
452 2511 504 2570 sed
520 2519 616 2571 tamen
634 2511 722 2589 paulo
739 2510 822 2590 plura
838 2511 876 2570 de
891 2510 989 2570 Tulli
1005 2512 1162 2572 Hostilii
1185 2532 1278 2591 regno

170 2619 205 2678 ad
228 2635 282 2676 nos
305 2625 519 2695 peruenerunt,
540 2633 663 2695 quorum
685 2617 827 2695 pleraque
851 2616 1035 2697 (Vl—-Xlll)
1055 2618 1089 2677 ad
1111 2620 1277 2696 trigemino·

169 2743 231 2785 rum
246 2725 402 2784 certamina
418 2723 574 2801 pertinent,
597 2741 691 2801 pauca
707 2725 743 2783 ad
761 2723 868 2783 Fufetii
882 2723 968 2782 dolos
991 2743 1026 2784 ac
1044 2741 1168 2802 poenam
1184 2724 1277 2801 (xlv.

170 2831 232 2890 XV.
256 2828 333 2889 XVI.
355 2828 463 2908 XVll).
509 2828 554 2888 Ac
576 2829 683 2889 Fufetii
711 2847 815 2890 nomon
840 2828 898 2908 (V)
922 2831 1000 2907 quod
1023 2830 1125 2890 borum
1144 2850 1279 2890 uersuum

170 2954 276 3014 agmen
300 2935 409 2993 ducere
432 2935 520 3008 iussi,
544 2935 638 3011 potuit
665 2933 717 2992 ille
745 2935 802 2993 dux
830 2936 916 2993 etiam
946 2934 1013 2993 alibi
1041 2937 1196 3009 nominari,
1226 2936 1278 2993 sed

170 3059 234 3102 cum
252 3043 362 3099 incerta
383 3038 472 3097 sedes
489 3038 537 3110 sit,
560 3037 647 3095 malui
666 3037 782 3115 plenum
805 3055 910 3096 nomen
932 3041 960 3097 in
976 3040 1119 3116 principio
1139 3041 1278 3097 narratio-

171 3149 215 3206 nis
246 3145 361 3223 adponi.
407 3142 452 3202 ue
487 3142 666 3218 singulorum
699 3143 874 3218 certamine,
906 3162 941 3202 ne
980 3150 1101 3222 pereant
1134 3143 1279 3220 legiones,

171 3251 283 3312 llerula
305 3249 377 3308 uidit
399 3247 557 3308 deliberari
578 3248 612 3307 ir.
637 3248 686 3308 Vl.
730 3248 861 3324 Horatio,
885 3251 913 3309 ei
931 3251 980 3329 qui
1003 3250 1153 3309 uictoriam
1175 3268 1279 3329 repor-

170 3368 223 3434 tat,
246 3357 348 3416 relicui
370 3364 483 3433 septem
505 3355 592 3414 dicati
614 3365 678 3415 sunt
701 3357 806 3434 singuli
822 3375 936 3433 uersus,
960 3375 1081 3436 quorum
1103 3377 1208 3419 nexum
1244 3379 1279 3420 uc
1349 3351 1357 3363 ’

171 3484 288 3524 sensum
312 3460 538 3522 memorabiliter
558 3462 687 3522 editores
709 3464 869 3524 ordinando
890 3464 1133 3525 disturbauerunt.
1170 3466 1207 3526 Et
1225 3467 1279 3527 Vll

171 3571 287 3651 quidem
309 3569 472 3646 fragmento
493 3569 628 3630 Horatius
650 3570 765 3630 uidetur
787 3588 894 3645 curam,
918 3588 984 3630 num
1005 3589 1078 3630 unus
1104 3574 1280 3634 aduersariis

171 3678 264 3738 tribus
303 3694 424 3754 compar
465 3684 545 3734 esset
582 3676 713 3750 iuturus,
747 3676 921 3753 significare.
978 3675 1081 3755 Fuga,
1119 3696 1204 3756 quam
1240 3673 1277 3738 si-

171 3783 269 3858 mulat,
294 3800 407 3842 omnem
428 3801 510 3861 spem
534 3781 727 3842 Romanorum
746 3783 852 3841 euertit
880 3780 990 3862 (Vlll).
1036 3782 1181 3843 Romanus
1204 3786 1278 3843 enim

172 3888 298 3966 ‘speres'
322 3895 411 3966 poeta
423 3866 571 3948 '‘nostras'
588 3889 660 3948 dixit
675 3907 727 3947 usu
743 3888 858 3948 Latino:
883 3906 918 3946 ac
934 3891 1086 3964 sententia,
1109 3906 1183 3966 quac
1202 3889 1278 3948 desi·

171 3995 271 4053 derata
294 3994 384 4071 uulgo
412 3995 644 4072 interpunctione
667 3993 889 4068 obscurabatur,
912 3996 1005 4071 potuit
1019 3995 1068 4053 uel
1087 4004 1213 4053 eneruem
1230 3994 1279 4052 uel

172 4098 257 4158 simili
288 4101 442 4178 participio
479 4103 648 4161 continuari.
702 4099 816 4160 Deinde
850 4101 898 4159 uni
920 4098 1112 4159 Guriatiorum
1141 4098 1279 4156 minitanti

174 4207 302 4264 occurrit
325 4206 397 4285 (lX)
419 4225 511 4286 seque
536 4207 653 4267 fratrum
679 4217 802 4285 utroque
829 4214 977 4284 prostrato
1006 4204 1065 4281 (X)
1094 4202 1189 4261 solum
1217 4222 1279 4263 rem
