2932 4942
604 345 846 414 RELIQVIAE
1220 334 1281 401 161

170 519 341 610 migrauit,
377 537 479 609 seges
512 538 532 584 a
563 514 696 584 domino
726 514 881 584 demessa
916 518 977 583 est.
1008 553 1060 567 —
1095 553 1148 568 --
1186 512 1283 583 Hunc

169 622 296 712 Aesopi
319 620 502 712 apologum
526 618 565 702 Q.
584 617 711 687 Ennius
735 618 768 686 in
794 618 905 688 satiris
934 618 1015 688 scite
1043 619 1220 688 admodum
1250 622 1283 686 et

130 724 134 735 '
168 730 310 794 uenuste
335 723 487 793 uersibus
509 722 677 815 quadratis
696 722 891 812 composuit.
935 720 1086 806 Quorum
1107 723 1175 792 duo
1196 743 1283 812 pos-

168 829 262 897 tremi
297 828 351 896 isti
376 830 467 912 sunt,
508 847 593 918 quos
621 825 744 894 habere
768 825 859 894 cordi
892 825 1132 896 et-memoriae
1161 847 1283 916 operae

168 932 309 1021 pretium
332 952 408 1000 esse
430 929 541 999 hercle
557 932 671 1020 putea

271 1066 345 1136 Hoc
364 1066 426 1135 erit
447 1065 504 1134 tibi
522 1067 755 1163 argumentum
778 1062 910 1154 semper
931 1063 964 1131 in
984 1064 1139 1154 promptu
1166 1062 1281 1132 situm:

271 1169 320 1239 Ne
339 1168 418 1264 quid
436 1169 593 1259 expectes
614 1167 738 1238 anncos
757 1166 847 1260 quod
868 1171 938 1236 tute
958 1189 1061 1261 agere
1083 1166 1226 1275 possies,

709 1334 745 1405 V

272 1475 354 1546 Cum
372 1471 633 1567 spolia'ganeris
653 1473 862 1543 detraxeritis
885 1471 1007 1564 [inpie]

205 1589 246 1648 40
274 1579 382 1663 Quam
402 1578 647 1671 inscriptionem
670 1576 814 1647 dabitis?

687 1743 737 1813 Vl
752 1742 769 1780 *

199 1878 204 1885 ’
273 1882 401 1956 Sribulo
421 1882 588 1976 quonda'm
608 1881 752 1951 marinas
772 1880 908 1971 propter
928 1879 1080 1949 adstabat
1101 1880 1230 1972 plagas.

682 2044 775 2120 VH*

272 2189 414 2279 Propter
434 2192 570 2281 stagna,
594 2187 649 2258 ubi
672 2187 858 2281 lanigerum
878 2208 981 2277 pecus
1004 2185 1154 2297 piscibus!
1168 2159 1284 2277 pascit.

205 2425 228 2474 V
259 2425 339 2474 lulius
356 2425 445 2474 Victor
463 2440 485 2473 c.
506 2424 523 2475 6
548 2441 574 2490 p.
597 2427 649 2476 224
668 2425 710 2476 Or.
746 2424 793 2475 ‘ab
815 2431 906 2474 euentu
932 2424 959 2473 in
982 2422 1116 2486 qualitate:
1148 2429 1177 2472 ut
1199 2422 1287 2487 qualia

170 2497 221 2544 sint
242 2511 273 2545 ea
294 2511 359 2558 quae
382 2502 534 2556 euenerunt,
562 2503 606 2545 ant
627 2511 693 2558 quae
713 2494 849 2544 uideantur
868 2502 1003 2554 euentura,
1028 2493 1079 2543 tale
1098 2493 1164 2543 illud
1184 2491 1290 2556 quoquc¹

171 2565 346 2626 existimetur,
371 2580 404 2614 ex
425 2579 476 2628 quo
496 2572 642 2615 euenerunt.
673 2565 708 2614 Vt
723 2564 828 2614 Sabinis
841 2565 938 2614 Ennius
959 2563 1025 2612 dixit
1046 2564 1093 2612 ...’
1126 2561 1285 2629 (Sabina-

170 2650 237 2683 rum
259 2635 434 2699 nescioquod
454 2650 554 2684 carmen
576 2642 635 2700 post
648 2635 743 2684 Maium
763 2634 795 2683 ad
810 2633 862 2684 Gic.
882 2635 915 2684 de
935 2649 962 2682 re
987 2648 1013 2697 p.
1034 2633 1058 2680 ll
1081 2635 1096 2682 7
1117 2633 1183 2682 tueri
1201 2631 1286 2682 studet

170 2704 251 2753 Janns
269 2704 302 2753 ad
315 2705 487 2764 Macrobium,
512 2704 573 2754 uide
585 2705 660 2753 Ennii
674 2704 728 2756 Sat.
744 2703 789 2752 lib.
803 2701 853 2766 lV)
928 2702 964 2750 Vl
982 2702 1065 2750 Varro
1083 2702 1115 2751 de
1134 2701 1163 2750 L.
1186 2701 1215 2750 L.
1236 2700 1285 2749 Vll

172 2772 206 2822 35
217 2774 251 2821 M.
268 2773 352 2837 ‘apud
367 2774 492 2821 Ennium*
512 2773 584 2838 (eni
597 2773 664 2822 Flor.
680 2773 764 2822 enim
779 2768 877 2834 Haun.)
896 2769 1014 2820 ‘subulo’
1030 2787 1052 2820 e.
1071 2787 1096 2833 q.
1114 2786 1135 2820 s.
1157 2769 1285 2819 ‘subulo

89 2863 90 2866 ¹
173 2843 272 2899 dictus,
294 2841 363 2903 quod
382 2842 418 2889 ita
437 2842 525 2889 dicunt
545 2842 663 2890 tibicines
676 2842 768 2899 Tusci;
794 2841 913 2903 quocirca
934 2840 1035 2889 radices
1056 2840 1111 2888 eius
1130 2841 1157 2888 in
1174 2839 1290 2906 Etruria,⁸

172 2923 222 2958 non
241 2909 315 2957 Latio
330 2910 510 2970 quaerundae!
546 2910 636 2959 Festus
655 2925 681 2974 p.
698 2908 749 2961 309
762 2911 795 2957 Μ.
815 2908 949 2958 ‘subulo
967 2909 1050 2957 Tusce
1064 2908 1159 2958 tibicen
1178 2907 1285 2966 dieitur:

173 2981 259 3040 itaque
279 2979 376 3027 Ennius
398 2979 446 3026 ...'
481 2980 553 3027 Hunc
569 2994 673 3028 uersum
696 2994 753 3028 cum
776 2979 898 3028 Herodoti
921 2977 1065 3027 narratione
1080 2979 1090 3026 l
1106 2977 1154 3026 141
1176 2975 1285 3026 conferri

173 3048 243 3097 iubet
266 3045 295 3096 0.
312 3046 458 3097 Muellerus.
494 3047 561 3097 Vide
582 3050 658 3098 etiam
672 3047 794 3097 Babr'nrm
816 3047 869 3096 lab.
885 3046 916 3106 9,
942 3062 1018 3110 quem
1035 3046 1083 3095 Th.
1102 3045 1201 3111 Hugius
1218 3046 1286 3095 indi·
1309 3098 1312 3103 ,

173 3118 242 3167 carrit
310 3116 358 3165 VII
383 3116 478 3166 Paulus
492 3117 562 3166 Festi
580 3133 607 3183 p.
623 3115 658 3167 59
674 3117 708 3167 Μ.
733 3117 870 3182 ‘Cyprio
890 3117 966 3166 boui
986 3116 1168 3166 merendam
1183 3116 1286 3168 Ennius

174 3186 294 3236 Sotadico
313 3201 390 3235 uersu
413 3201 470 3235 cum
491 3187 570 3245 dixit,
598 3186 753 3252 significauit
775 3187 802 3235 id
820 3187 888 3251 quod
902 3187 967 3236 solet
985 3185 1040 3235 lieri
1057 3185 1082 3234 in
1103 3184 1187 3235 insula
1202 3184 1286 3251 Cypro

259 3255 329 3304 ldem
351 3271 408 3304 cnm
427 3256 502 3304 dicit:
535 3258 651 3322 propter'
677 3273 700 3307 e.
725 3272 749 3320 q.
770 3272 792 3306 s.
820 3260 893 3306 ‘esse
916 3255 1037 3322 paludem
1059 3255 1230 3315 demonstrat,
1259 3256 1286 3304 in

175 3342 225 3390 qna
245 3334 382 3374 nascuntur
402 3327 488 3391 pisces
506 3327 604 3376 similes
624 3327 785 3387 ranunculis,
812 3341 876 3390 quos
894 3340 956 3376 oues
976 3332 1136 3376 consectatae
1155 3324 1251 3375 edunt!

177 3472 381 3484 ——————=

215 3571 251 3627 37
266 3569 320 3623 hoc
332 3569 420 3640 culpo,
434 3583 509 3623 corr.
520 3568 590 3623 Par.
603 3569 656 3624 hec
675 3569 736 3625 Vat.
748 3568 819 3623 Par.
829 3585 865 3624 m.
873 3586 924 3640 pr.
936 3552 962 3624 h'
975 3567 1101 3624 Rottcnd.
1165 3563 1286 3640 arg'tum

175 3653 303 3708 Rottend.
396 3654 505 3723 promtu
537 3654 597 3708 Vct.
624 3654 695 3709 Par.
722 3662 881 3725 promptum
908 3653 1036 3710 Rottend.
1127 3657 1164 3712 38
1192 3652 1287 3724 nequit

174 3738 245 3793 Par.
271 3755 335 3808 neq3
360 3737 486 3794 Rottend.
572 3744 629 3793 tute
650 3755 735 3812 agere
756 3740 868 3810 possies
885 3740 1033 3794 Fruteriuc
1055 3738 1144 3794 Veris·
1159 3737 1197 3794 ΙΙ
1207 3743 1235 3796 8.
1256 3742 1286 3792 tu

174 3841 260 3896 agere
275 3823 370 3895 possis
386 3824 461 3890 libri,
477 3825 533 3878 nisi
544 3824 619 3896 quod
632 3830 679 3880 tua
693 3841 761 3897 gere
776 3826 873 3896 possis
888 3823 1016 3880 Rcttend.
1101 3827 1137 3881 39
1151 3837 1193 3894 sq.
1215 3821 1285 3877 Ver-

173 3924 221 3965 sus
244 3909 368 3980 drsposui
459 3910 573 3981 generis
592 3909 692 3966 Jonas.
718 3910 816 3983 generi
836 3910 926 3967 Iulius
953 3907 1046 3964 Victor
1136 3907 1211 3976 inpie
1231 3921 1286 3960 om.

173 3994 262 4049 Iulius
282 3994 375 4050 Victor
459 3998 493 4052 41
516 3993 646 4050 adstabat
660 3994 739 4054 Flor.
761 3995 907 4051 Varronis.
925 3993 1068 4047 adstrabat
1083 3990 1191 4044 Festos.
1212 3993 1287 4043 asta·

174 4078 220 4131 bat
230 4081 316 4134 ceteri
331 4077 476 4134 Varronis.
488 4082 603 4136 assabat
614 4079 739 4152 Scaliper
808 4081 924 4150 plagas
937 4076 1043 4129 Festus.
1056 4089 1145 4143 aquas
1164 4072 1257 4128 Varro

216 4165 251 4218 42
271 4163 373 4232 pecus]
391 4180 481 4234 genus
503 4163 546 4217 erl.
568 4170 621 4219 aet
636 4163 699 4219 ΑΜ.
720 4165 794 4235 uum.
879 4160 971 4231 pascit
986 4157 1097 4213 Monac.
1114 4157 1175 4213 edd.
1191 4163 1245 4212 oet.
1260 4163 1287 4210 et

174 4243 237 4298 ttbri
250 4244 280 4301 0.
295 4246 408 4302 Borthr'i
420 4248 507 4316 (aaa.
520 4247 594 4303 XLI
603 4250 645 4316 8).
664 4249 789 4319 pascitur
807 4244 898 4316 dats.
916 4245 991 4316 culp.

259 4345 373 4401 marva
1038 4335 1078 4400 ll
