2932 4942
601 333 843 410 nantavraa

656 501 798 571 LXXVI

274 637 404 730 Optima
426 660 500 708 oum
521 637 668 730 pulchris
689 637 806 706 animis
826 636 976 708 Romana
995 639 1150 708 iuuentus

645 769 799 860 axxva

273 944 532 961 .....
586 915 661 963 nam
683 916 735 963 me
755 891 871 985 grauis
889 892 1031 984 impetus
1051 887 1126 961 Oroi

185 1003 246 1062 540
274 993 422 1063 Pertudit
442 994 474 1063 in
498 995 594 1066 latus,

640 1147 809 1218 LXXVIII

275 1335 595 1352 ......
647 1288 739 1354 tanto
759 1284 909 1354 sublatae
928 1286 1006 1354 sunt

275 1385 443 1476 Augmine
466 1389 544 1455 tune
565 1386 692 1477 lapides

656 1539 795 1609 LXXIX

274 1724 533 1742 .....
589 1698 656 1768 quo
677 1680 744 1746 tam
764 1679 888 1745 temere
910 1677 963 1746 itis
984 1678 1096 1747 citati?

663 1825 788 1896 LXXX

273 1961 338 2034 Olli
361 1961 538 2031 cernebant
556 1963 687 2056 magnis
710 1963 751 2032 de
773 1962 873 2033 rebus
894 1965 1044 2054 agentes,

654 2113 793 2183 LXXXI

184 2262 245 2322 545
272 2250 403 2349 Perque
425 2251 536 2320 lebam
558 2254 678 2343 repunt
700 2254 734 2321 et
752 2249 865 2349 mollia¹
888 2273 985 2321 crura
1006 2255 1180 2343 reponunt.
1226 2240 1229 2246 ’

170 2469 196 2519 p.
214 2453 275 2514 alt,
291 2453 325 2505 10
350 2455 470 2504 ‘metus
543 2453 661 2503 seminini
673 2454 770 2504 Ennius
788 2455 840 2502 ...’
874 2454 913 2505 Cf.
928 2455 1023 2504 Paulus
1035 2455 1105 2506 Festi
1124 2470 1150 2521 p.
1164 2454 1207 2508 60.
1225 2455 1282 2507 123.

169 2524 259 2573 Festus
274 2539 301 2590 p.
316 2522 376 2574 150.
392 2522 444 2574 286
459 2522 493 2573 Μ.
564 2523 674 2574 LXXVI
699 2524 813 2574 Donatus
834 2525 860 2573 in
879 2525 936 2575 Ter.
956 2518 1058 2575 Phoim.
1079 2526 1115 2575 III
1132 2525 1184 2585 l,l
1211 2529 1284 2575 ‘oum

169 2595 234 2644 istoc
255 2595 340 2644 animo
358 2607 406 2658 pro
423 2593 499 2642 huius
519 2593 607 2643 animi.
630 2594 728 2644 Ennius
743 2597 795 2643 ...’
831 2593 923 2661 (Deest
936 2594 979 2645 hio
995 2596 1066 2645 loeus
1079 2596 1104 2644 ln
1116 2593 1215 2661 Lugd.)

168 2663 290 2715 LXXVII
315 2663 421 2713 Seruius
435 2663 539 2712 inAeu.
556 2662 612 2713 181
639 2663 699 2713 ‘alii
721 2664 751 2713 in
771 2664 859 2713 latus
878 2663 1003 2731 prolatus
1022 2666 1159 2731 accipiunt.
1187 2666 1285 2715 Ennius

170 2735 223 2783 ...’
294 2732 427 2783 LXXVIII
446 2731 544 2782 Nonius
559 2748 586 2797 p.
601 2732 691 2793 att‚8
710 2732 860 2798 ‘Iapides
876 2744 900 2785 et
915 2733 1038 2784 feminino
1052 2750 1146 2802 genere
1157 2735 1210 2785 diei
1224 2749 1285 2800 pos-

168 2812 227 2853 sunt
248 2811 275 2851 ut
297 2803 367 2868 apud
385 2803 495 2851 Ennium
515 2803 569 2850 ...'
640 2802 750 2852 LXXIX
769 2802 875 2852 Seruius
895 2805 921 2853 iu
940 2805 1003 2853 Aen.
1023 2804 1060 2853 IX
1073 2802 1125 2855 329
1150 2808 1284 2855 ‘temere

169 2871 298 2938 signifieat
322 2879 346 2921 et
367 2870 452 2920 facile.
487 2871 607 2920 Plautus:
633 2870 737 2935 [Bacch.
760 2868 816 2936 85].
845 2872 974 2938 siguificat
997 2881 1022 2923 et
1047 2873 1140 2923 subito.
1172 2874 1283 2923 Ennius:

169 2941 238 3005 quod
339 2940 423 2989 citare.
458 2939 534 2989 Cato:
562 2948 656 2990 temere
675 2940 749 2990 fieri!
795 2941 1150 2992 catomecariis'Seruius
1169 2941 1285 2991 Danielis

169 3009 396 3077 (catomitarii
417 3006 604 3071 Burmannus):
629 3010 655 3058 in
669 3024 718 3071 quo
732 3009 883 3073 particulam
898 3012 954 3060 eius
970 3011 1102 3061 Catoniani
1120 3010 1232 3077 exempli
1247 3011 1286 3059 Ia-

170 3089 223 3128 tara
236 3079 368 3143 suspicor,
396 3078 464 3140 quod
477 3092 528 3126 uua
541 3092 599 3127 eum
613 3078 703 3128 eodem
716 3078 799 3127 Plauti
812 3078 969 3130 Bacchidum
988 3096 1065 3130 uersu
1082 3080 1184 3146 plenius
1202 3079 1286 3130 attulit

171 3148 303 3199 Charisius
317 3148 340 3197 ΙΙ
355 3145 405 3198 190
415 3148 442 3196 P.
459 3145 525 3213 (132
538 3144 629 3211 Lind.)
643 3148 711 3198 unde
724 3148 750 3196 in
763 3147 881 3198 Seruium
895 3166 909 3199 e
922 3151 1038 3217 margine
1049 3158 1077 3200 ut
1091 3150 1194 3200 uidetur
1206 3150 1286 3200 inlata

170 3227 229 3268 sunt
251 3217 311 3266 illa:
341 3215 418 3266 Cato
445 3224 565 3266 temere
588 3216 675 3268 lieri.
713 3217 842 3267 Enesoio
861 3234 911 3282 qua
935 3220 1110 3287 dittographia
1128 3227 1210 3269 ortum
1228 3235 1286 3271 esse

170 3296 310 3338 monstrum
332 3286 397 3335 illud
416 3286 576 3352 corruptelae
594 3287 624 3336 H.
643 3287 747 3353 Ilbergii
767 3288 880 3352 opinatio
901 3289 949 3339 luit
1017 3289 1115 3340 LXXX
1132 3288 1239 3341 Semina
1258 3292 1285 3340 in

170 3358 235 3409 Aea.
251 3356 300 3405 XII
315 3354 367 3407 709
387 3356 467 3405 ‘inter
479 3372 508 3406 aa
523 3356 616 3406 coiisse
629 3358 699 3407 uiros
712 3365 736 3407 et
749 3372 853 3409 cernere
866 3359 947 3410 terro:
972 3375 1035 3410 uera
1054 3367 1078 3410 et
1099 3361 1203 3424 antiqua
1221 3360 1286 3412 haee

170 3434 209 3476 ost
229 3427 314 3475 lectio.
337 3440 395 3475 nam
415 3426 525 3476 Ennium
540 3435 643 3477 secutus
661 3428 756 3490 estqui
777 3427 825 3477 ait:
845 3420 901 3479 olli'
927 3447 950 3480 e.
967 3447 992 3494 q.
1007 3446 1029 3481 a.
1100 3429 1209 3480 LXXXI
1226 3430 1286 3482 Ser-

171 3498 231 3545 uius
246 3497 272 3545 in
287 3495 379 3562 Georg.
395 3496 430 3546 III
446 3496 480 3548 70
501 3496 605 3546 ‘mollia
618 3513 692 3548 arura
707 3499 817 3563 reponit.
849 3500 947 3551 Ennius
960 3501 992 3552 de
1006 3500 1113 3568 gruibus
1127 3501 1203 3551 dioit:
1226 3517 1285 3568 per-

167 3621 369 3631 *-

214 3706 266 3761 538
293 3703 398 3774 aplane
416 3701 505 3758 Gond.
522 3719 583 3759 oum
602 3703 664 3759 edd.
680 3708 734 3759 aet.
762 3703 856 3758 onrnia
879 3701 1117 3762 lindenbruclu'us
1202 3722 1285 3778 quant

170 3821 233 3876 edd.
248 3820 329 3878 Rom.
345 3827 371 3876 et
385 3807 461 3893 Spr'r.
570 3827 623 3882 540
638 3823 758 3894 pereutit
771 3821 888 3881 seruare
994 3827 1044 3882 541
1066 3792 1121 3879 tilio
1146 3823 1185 3880 W

169 3912 221 3965 542
233 3908 364 3978 artngne
384 3906 571 3979 Wakefieldus
581 3908 620 3963 ud
628 3906 713 3963 Luor.
725 3907 745 3962 I
749 3906 775 3964 V
783 3911 845 3967 574.
857 3908 969 3981 agmine
980 3908 1044 3963 libri
1149 3908 1287 3967 sancitati

169 3991 361 4048 Burmannus.
378 3992 460 4049 eitate
475 3992 592 4048 Seruius
605 3992 741 4049 Dureau.
758 3994 841 4049 eitate
856 3995 898 4050 Ae
922 3999 1025 4047 temere
1046 3995 1145 4048 erratis
1162 3991 1288 4065 Soaliper

169 4076 247 4145 upud
255 4075 404 4136 Merulam.
417 4078 491 4133 citati
505 4079 616 4133 incauta
628 4085 720 4133 mente
731 4084 844 4133 ruentes
857 4080 890 4134 Α.
900 4076 1025 4134 Korbius
1035 4076 1143 4131 Exere.
1155 4079 1218 4132 orit.
1228 4083 1288 4150 μδ

170 4158 210 4294 fs.
218 4173 317 4297 sagra
425 4167 478 4222 544
491 4163 640 4234 agentibus
658 4162 727 4235 Rep.
834 4167 886 4222 545
908 4164 986 4217 tabas
1002 4158 1127 4232 Souliper
1145 4179 1163 4215 a
1175 4161 1287 4219 Merula

180 4256 217 4295 au
237 4259 255 4296 a
284 4255 300 4297 a
