2932 4942
401 365 426 373 „
468 313 1032 415 ovousniouesuuuinuno
1092 373 1095 379 .
1241 335 1302 383 x1x

198 501 306 550 carent.-
324 501 354 552 ut
372 497 401 553 C.
424 493 554 555 Octauius
576 499 729 571 lampadio
752 500 853 555 Naeuii
872 497 1008 554 Punicum
1029 498 1134 566 bellum,
1155 496 1229 570 quod
1248 511 1304 551 uno

196 605 331 660 uolumine
353 611 379 660 u
396 609 545 665 continenti
563 609 706 680 scriptura
727 608 883 678 eupooitum
902 605 993 672 ‹iiuuit
1015 607 1044 660 in
1073 611 1176 677 septem
1204 603 1302 658 librom

195 716 226 765 ut
238 717 334 781 paura
349 710 382 779 0.
404 713 588 787 Vargunteius
607 715 722 770 annales
743 713 842 782 Ennii,
858 693 932 784 ¹qum
954 713 1035 767 certis
1053 711 1146 767 umbris
1159 711 1187 765 in
1201 725 1302 781 acapna
1373 723 1378 737 “

191 800 352 890 frequentia
380 821 591 890 pronuntiabat:
630 800 661 877 ut
689 819 800 876 laetius
833 794 989 877 Arcturus
1049 817 1208 890 Vectiuoque
1235 815 1298 904 Piti-

195 923 316 981 tacemus
339 924 438 983 martiii
456 935 579 984 saturus.
616 925 656 984 At
680 944 697 986 a
717 898 956 1011 Suetonio-nihil
979 920 1037 999 tale
1058 920 1212 980 memorari
1234 935 1303 978 con·
1395 917 1399 927 '

196 1027 299 1104 cedet,
332 1030 380 1108 qui
405 1029 496 1092 uerba
524 1041 561 1092 et
574 1033 736 1119 sententiae
758 1051 864 1092 nexum
885 1030 1006 1110 propius
1029 1006 1193 1106 aspexerit:
1223 1021 1303 1081 cuius

139 1124 141 1128 ’
195 1135 232 1196 de
252 1155 287 1196 ea
307 1154 341 1195 re
364 1137 509 1199 silentium
525 1138 596 1225 'milri
621 1139 696 1218 adeo
718 1157 772 1220 pro
796 1140 905 1201 diserto
920 1137 999 1197 'esse
1029 1129 1194 1223 testimonio
1223 1128 1306 1188 uide·
1365 1178 1369 1186 .

197 1250 252 1301 tur.
309 1242 417 1314 Verum
445 1246 518 1306 alios
548 1247 622 1308 nluos
646 1246 764 1326 prodire
795 1255 887 1306 testes
922 1243 1025 1320 iubeo,
1044 1231 1046 1236 ’
1063 1241 1111 1322 qui
1137 1236 1227 1322 „quoti
1252 1235 1303 1296 ille

198 1350 322 1409 tacendo
345 1354 434 1414 docet
455 1362 557 1432 aperte
577 1362 608 1413 et
629 1363 660 1414 nt
680 1354 755 1415 absit
777 1352 916 1414 dubitatio
940 1351 1063 1417 tradunt.
1097 1347 1206 1408 Plinius
1228 1345 1304 1405 enim

195 1456 271 1518 haec
297 1459 325 1516 in
353 1461 475 1521 naturali
496 1460 616 1521 historia
645 1460 715 1539 (vlt
739 1441 826 1538 101)Ι
843 1457 950 1517 refert:
974 1459 1007 1528 Q.
1025 1460 1133 1516 Ennius
1155 1457 1187 1513 L.
1209 1458 1305 1515 Caeci

194 1571 260 1625 ium
279 1555 411 1631 Dentrem
430 1570 606 1645 fratremque
635 1572 694 1627 eius
712 1571 867 1642 praecipue
887 1569 1005 1622 miratus
1021 1572 1141 1639 propter
1173 1580 1219 1620 eos
1238 1545 1305 1621 aeu-

133 1686 137 1693 ·
196 1683 252 1744 tum
273 1678 417 1733 deminum
439 1680 538 1734 adiecit
558 1676 706 1733 annatem.'
743 1669 825 1743 Quae
842 1668 981 1728 memoria
996 1666 1108 1742 hausta,
1131 1675 1162 1726 ut
1179 1667 1303 1742 uidetur,

198 1796 236 1837 ex
260 1780 384 1837 uetustis
413 1755 535 1839 alicuius
557 1777 735 1856 grammatici
759 1761 971 1839 commentariis
996 1772 1167 1834 dificultate
1189 1774 1305 1852 quidem

197 1886 395 1965 inpeditaest
416 1886 529 1965 aliqua,
554 1903 639 1965 quam
661 1899 714 1943 suo
735 1881 803 1942 loco
827 1865 1002 1960 proponam:
1026 1878 1084 1939 lroo
1104 1888 1199 1940 tamen
1216 1879 1304 1958 adpa-

168 2013 171 2019 ’
198 2002 258 2069 ret,
288 1995 327 2053 ita
347 2011 403 2053 neo
423 1993 543 2053 Plinium
565 2011 621 2053 nec
649 2009 729 2066 eum,
759 1991 844 2052 ouius
862 1988 913 2049 ille
935 1988 1140 2048 auctoritatem
1161 1989 1303 2066 sequitur,
1333 2002 1335 2005 ’
1388 2056 1395 2068 Ι

197 2099 347 2159 locuturos
375 2099 484 2177 luisse,
509 2098 709 2185 mulioniam
736 2114 853 2158 carmen
877 2114 930 2175 per
958 2095 1090 2173 singulos
1120 2085 1220 2154 libros
1235 2112 1304 2154 oon·

196 2195 353 2283 scripsisse
376 2203 429 2286 pro
454 2216 605 2287 comperto
628 2207 741 2266 luisset.
761 2237 763 2240 v
780 2204 875 2283 Atque
897 2185 994 2265 tertio
1008 2213 1075 2264 ante'
1097 2202 1207 2263 obitum
1229 2220 1304 2282 anno
1362 2215 1364 2221 ·

195 2311 464 2390 duodeuigesimum
500 2314 632 2374 annalem
665 2313 787 2388 adiecit,
822 2314 887 2392 ipse
919 2311 993 2372 hano
1022 2314 1170 2372 inmensae
1202 2311 1304 2389 poesis

196 2422 278 2497 quasi
307 2419 419 2481 calcem
450 2421 573 2482 futuram
606 2399 806 2500 praesagiens.
852 2418 893 2479 lta
922 2420 996 2479 enim
1016 2418 1092 2479 alter
1123 2436 1209 2497 quern
1236 2434 1321 2502 pro·¹

193 2518 299 2586 uocaui
321 2529 423 2604 testis,
452 2527 564 2589 Gellius
589 2526 640 2606 (N.
664 2518 699 2586 A'.
724 2505 1116 2604 monopolitanae
1139 2530 1305 2588 Tuditanum

195 2637 321 2692 cumules
344 2627 476 2693 secuntur
499 2638 531 2707 Q.
561 2638 688 2694 Valerius
716 2644 742 2705 et
766 2621 794 2693 C.
810 2635 973 2707 Mamilius,
1003 2636 1100 2710 quibam
1124 2644 1219 2713 numm
1246 2652 1305 2694 esse

196 2741 229 2810 Q.
256 2744 379 2800 Ennium
403 2749 515 2817 potitam
542 2744 584 2801 M.
619 2742 712 2799 Varro
739 2746 768 2800 in
796 2745 887 2815 primo
913 2724 948 2801 de
969 2746 1060 2816 poitia
1087 2724 1155 2799 lrlrro
1184 2746 1305 2817 sempsit,

196 2864 311 2922 eumque
332 2868 394 2908 oum
415 2857 558 2927 septimum
579 2861 605 2910 et
623 2853 827 2923 receperimum
846 2868 950 2906 annum
968 2850 1090 2920 nuberet,
1116 2851 1305 2923 duodeuipesi-

197 2971 270 3008 mum
291 2959 419 3013 annalem
439 2961 587 3030 scripsisse
606 2959 688 3031 idque
702 2960 797 3029 ipsum
815 2957 937 3013 Ennium
956 2960 985 3012 iu
1002 2958 1095 3013 eodem
1112 2957 1180 3012 lslrro
1201 2957 1304 3012 dicere.

131 3084 134 3088 ’
198 3053 405 3118 Coniecturae.
429 3060 558 3137 quidem,
587 3078 645 3120 non
679 3059 817 3119 librorum
853 3060 1033 3135 auctoritati,
1068 3057 1191 3120 debetur
1222 3058 1304 3135 illutl,

198 3165 276 3242 quod
298 3166 421 3245 scripsi,
453 3166 720 3244 duodeuigesimum
746 3164 894 3241 annalem,
925 3163 1077 3254 cumlibri
1097 3165 1161 3227 iere
1183 3166 1211 3226 in
1234 3166 1305 3227 duo·
1341 3188 1342 3191 ¹

196 3271 310 3332 decimo
334 3273 531 3342 consentiant3
559 3292 615 3334 neo
634 3271 723 3332 dubia
741 3268 913 3333 emendatio
936 3274 1123 3353 respicienti,
1147 3292 1235 3354 quam,
1254 3294 1305 3355 pa·

196 3397 259 3438 rum
287 3378 445 3458 probabile,
468 3383 521 3456 sit,
553 3369 644 3442 itibus
672 3381 753 3442 annis
776 3381 824 3459 quui
847 3381 924 3441 uitae
950 3383 1091 3460 postremi
1111 3393 1198 3444 erant
1217 3384 1306 3461 (obiit

196 3487 276 3544 enim·
292 3489 532 3566 septuagenarius
558 3507 633 3550 anno
652 3490 688 3551 ab
705 3485 776 3550 uso.
794 3488 873 3569 585)
897 3497 1013 3569 potitam
1036 3508 1090 3550 sex
1113 3490 1206 3552 libros
1228 3467 1325 3553 lraud'

195 3594 233 3652 ita
256 3603 380 3670 angusto
403 3595 509 3656 ambitu
531 3599 744 3677 composuisse.
885 3665 889 3672 ,
991 3577 994 3583 ⁷

279 3699 324 3759 De
353 3720 472 3762 numero
502 3722 654 3780 uersuum,
683 3714 753 3783 quot
773 3704 879 3782 singuli
901 3704 967 3764 libri
987 3706 1196 3780 continuerint,
1227 3706 1304 3784 peri·

195 3806 326 3867 colosum
351 3818 396 3867 est
428 3810 535 3888 aliquid
561 3811 641 3871 uelle
671 3820 809 3872 statuere.
859 3811 1064 3895 Amplissimos
1092 3812 1184 3872 luisse
1211 3812 1302 3872 libros

195 3913 528 3992 tractantiaemateriae
550 3916 670 3977 ubertas
693 3902 815 3979 indicat:
845 3936 880 3978 ao
908 3919 1058 3979 breuitatis
1081 3919 1204 3979 studium
1217 3918 1303 3977 ‘alie-

175 4039 259 4086 num
288 4031 351 4082 erat
375 4031 405 4082 et
434 4041 451 4083 a
473 4025 605 4084 carminis
619 4007 738 4102 genere
761 4035 791 4084 et
814 4033 845 4084 ut
867 4044 883 4085 e
903 4026 1086 4105 ¹longioribus
1110 4043 1186 4104 quae
1215 4042 1304 4103 super

194 4138 260 4187 sunt
281 4129 451 4207 fragmentis
474 4132 625 4213 dispicitur
649 4151 665 4192 a
685 4140 783 4212 potita.
829 4132 1052 4191 Verumtamen
1080 4133 1104 4189 si
1132 4126 1250 4189 licet'in
1269 4149 1303 4190 re

193 4220 321 4296 obscura
343 4238 511 4299 matertera
524 4238 741 4325 ludere„quae
764 4257 827 4300 enm
845 4256 929 4317 quam
950 4239 1043 4296 animo
1065 4235 1217 4296 informani
1240 4256 1303 4297 oar·

625 4338 628 4343 ’
886 4343 888 4346 ’
1047 4341 1092 4395 b*
1111 4389 1112 4392 ,
