2932 4942
616 327 845 383 ΕΝΝΙΑΝΑΕ
1184 335 1281 382 XLVII

169 512 271 567 causa,
293 498 357 568 quea
375 513 437 552 oum
454 497 559 551 Latinis
582 497 718 551 rebellare
737 497 887 550 mutuarent
963 498 1061 549 ciuitas
1075 497 1133 549 siae
1147 496 1284 566 aeeffropio

170 605 245 659 datu.
291 598 350 657 Sed
378 599 444 658 inde
476 617 512 656 ue
539 599 621 656 nimis
649 606 732 655 certo
764 596 837 654 hanc
866 597 1029 672 fragmento
1052 594 1090 654 IV
1114 596 1214 655 sedem
1235 597 1283 656 ad-

170 707 288 782 signes,
327 704 483 782 prohibent
520 703 594 762 haec
622 702 693 761 Liuii
727 721 744 762 e
776 703 851 762 libro
879 699 974 760 XXlll
1001 699 1035 760 31
1074 703 1165 761 uerba
1194 714 1222 762 et
1250 708 1284 762 de

169 819 297 872 trecentis
318 815 450 887 equitibus
470 815 633 885 Componis,
655 816 705 884 qai
724 816 752 868 ia
777 813 871 868 Sicilia
893 828 957 867 oum
975 812 1032 883 fide
1049 812 1191 883 adprendas
1212 828 1283 867 cmc-

169 925 230 978 ritis
250 923 368 978 Romam
390 926 540 989 weseram,
570 921 655 974 totum
676 920 715 973 od
730 921 881 990 poputum,
906 925 935 973 at
956 920 1032 973 ciues
1054 917 1176 972 Romani
1195 925 1285 972 essent

170 1024 214 1101 (a.
236 1044 262 1083 u.
286 1041 312 1082 c.
334 1021 422 1100 537).
468 1019 576 1079 Verum
606 1039 642 1078 ne
667 1020 740 1079 iides
771 1022 887 1100 quidem
915 1020 1055 1101 probatur
1079 1020 1145 1079 mihi
1169 1039 1282 1097 uersus,
1391 1042 1392 1046 ¹

170 1150 257 1209 quem
281 1146 335 1209 pro
364 1126 516 1205 spondiaci
544 1127 682 1206 exemplo
711 1127 836 1206 procliui
858 1145 948 1206 opera
976 1124 1154 1186 Censorinus
1178 1127 1281 1204 fragm.

169 1254 197 1295 c.
221 1236 259 1294 14
278 1251 307 1312 p.
332 1233 372 1294 93
394 1232 478 1292 laha.
504 1234 646 1311 effingere
672 1233 777 1313 potuit:
802 1243 831 1292 ut
847 1234 1006 1295 Diomedes
1030 1234 1143 1293 eliinxit
1164 1251 1193 1311 p.
1209 1232 1281 1291 494.

171 1340 232 1401 495
255 1340 286 1400 Ρ.
332 1337 396 1398 Nec
424 1356 496 1398 aero
527 1340 655 1400 relicuos
677 1361 715 1400 ex
736 1341 793 1400 hoc
816 1360 927 1418 genere
949 1359 1069 1416 uersus,
1099 1355 1281 1428 quos‘nemo

170 1454 294 1506 testatus
324 1452 370 1504 est
392 1443 476 1503 Ennii
509 1465 593 1521 esse,
631 1449 666 1508 ad
696 1449 770 1508 hunc
798 1456 915 1526 poetam
942 1447 1122 1506 confidenter
1151 1442 1283 1510 ascribo;

171 1561 290 1630 praeter
310 1570 395 1611 unum
419 1552 448 1630 (Ι
463 1553 498 1612 ir.
517 1551 647 1632 XXXI),
672 1573 757 1634 quem
774 1554 810 1614 ad
824 1573 906 1613 suum
922 1564 1071 1614 auctorem
1087 1549 1192 1610 Atilius
1210 1549 1282 1608 For·

171 1661 334 1718 tanatianus
371 1677 402 1736 p,
432 1657 512 1719 2691
544 1659 575 1718 Ρ.
606 1661 684 1736 (340
715 1658 765 1738 G.)
796 1657 915 1718 rettulit.
962 1659 1021 1718 Sed
1046 1659 1087 1718 iili
1118 1655 1282 1731 Censorini,

173 1764 252 1841 quod
278 1763 314 1822 ad
334 1763 482 1824 Ennianos
506 1765 649 1825 admissus
672 1774 735 1838 est,
767 1764 846 1824 lauet
864 1782 922 1823 non
941 1765 1029 1840 nihil,
1059 1763 1137 1843 quod
1160 1761 1283 1839 Vergilii

126 1939 132 1953 ι
171 1869 358 1947 Lucretiique
390 1872 524 1931 uersibus
565 1873 668 1930 tertius
704 1871 835 1930 adiectus
871 1881 925 1930 est.
984 1871 1028 1930 De
1062 1871 1225 1947 fragmento
1255 1870 1282 1928 V

172 1978 264 2036 reicio
285 1995 360 2037 nunc
382 1977 501 2057 llbergii
524 1989 553 2038 et
579 1995 687 2050 meam,
712 1995 797 2054 quam
819 1976 887 2035 olim
910 1977 1048 2054 probaui,
1073 1979 1279 2050 coniecturam,

170 2081 318 2142 Romanos
340 2084 497 2160 significari
521 2085 548 2141 in
568 2083 688 2143 furculis
706 2081 841 2143 Caudinis
861 2084 915 2142 sub
936 2084 1005 2160 iugo
1030 2093 1181 2142 exeuntes.
1221 2082 1284 2141 Nec

170 2189 245 2247 euim
268 2188 386 2267 placent
409 2188 628 2248 ‘lacrimantes'
648 2187 753 2246 milites
771 2189 908 2264 Romani,
935 2189 1085 2267 placerent
1107 2199 1282 2264 maerentes,

171 2294 423 2355 obmutescentes:
461 2293 646 2354 lacrimantes
679 2294 812 2353 uidentur
842 2296 979 2355 mulieres
1010 2298 1108 2374 potius
1136 2297 1281 2379 liberique

170 2409 356 2479 expugnatae
377 2402 479 2459 nescio
500 2402 581 2460 cuius
603 2399 683 2459 urbis
705 2401 860 2460 nominari:
893 2401 1048 2479 displicent
1071 2404 1156 2462 etiam
1179 2404 1282 2461 ‘mise-

171 2512 288 2566 rantes'
311 2506 361 2566 illa
380 2507 538 2564 occasione
563 2506 722 2578 Samnites,
756 2523 831 2583 quos
853 2507 950 2568 Liuius
970 2508 1011 2568 lX
1031 2510 1049 2570 6
1073 2509 1170 2588 prodit
1194 2528 1210 2568 a
1233 2511 1282 2568 mi-

171 2613 319 2671 seratione
346 2611 462 2688 longius
490 2611 609 2671 aluisse.
654 2611 788 2689 Denique
811 2614 939 2673 incertus
964 2616 1072 2674 haereo
1098 2616 1134 2675 de
1158 2615 1281 2690 duoltus,

171 2717 219 2793 qui
239 2726 369 2793 restant,
398 2718 553 2777 uersiculis
571 2717 610 2776 Vl
634 2726 663 2775 et
686 2715 756 2775 Vll:
788 2737 910 2796 quorum
931 2721 981 2780 ille
1005 2722 1041 2781 de
1065 2723 1281 2800 oppugnatione

171 2822 271 2900 oppidi
293 2822 429 2883 eliertur:
453 2842 623 2902 quamquam
640 2824 717 2901 quod
734 2825 872 2901 oppidum
889 2827 982 2886 dicam
1001 2847 1071 2906 prae
1088 2829 1152 2888 aliis
1169 2831 1280 2888 nescio.

171 2928 221 2987 Sic
240 2937 354 3006 potest,
378 2932 512 3007 quoniam
536 2930 572 2989 d'e
589 2930 753 2988 Samniticis
776 2929 863 2989 bellis
884 2932 911 2988 in
933 2930 990 2991 hoc
1013 2933 1087 2992 libro
1112 2936 1221 3010 agitur,
1246 2935 1281 2994 ad

169 3031 309 3094 Luceriae
337 3038 600 3114 expuguationem,
632 3053 717 3114 quam
737 3033 834 3092 Liuius
862 3034 930 3093 Vlll
952 3037 990 3098 13
1020 3041 1164 3112 narrauit,
1193 3041 1281 3116 perti-

170 3157 252 3199 nere.
297 3142 427 3220 Septimo
447 3141 559 3201 Merula
583 3142 688 3201 ssumen
707 3140 792 3199 Lirim
816 3149 844 3199 et
865 3139 982 3216 urbem,
1013 3159 1097 3218 quam
1118 3153 1280 3222 percurrat,

169 3244 326 3306 lliuturnas
355 3248 512 3325 significari
543 3248 692 3308 censebat.
738 3246 782 3304 Ac
810 3246 846 3306 de
862 3247 941 3329 Liri,
975 3249 1055 3307 cuius
1077 3249 1105 3307 in
1128 3250 1185 3309 hoc
1206 3250 1281 3309 libro

170 3352 321 3432 multiplex
349 3372 418 3413 esse
447 3357 683 3415 commemoratio
715 3356 806 3432 potuit
838 3353 891 3430 (oi.
916 3351 1091 3414 Niebuhrius
1118 3358 1145 3414 in
1169 3356 1280 3417 scholis

170 3458 346 3519 academicis
366 3461 402 3520 de
424 3460 606 3539 geographia
629 3464 745 3541 antiqua
768 3481 796 3540 p.
813 3461 911 3539 453),
935 3478 992 3519 aon
1015 3464 1113 3540 inepte
1129 3465 1280 3540 cogitauit,

170 3562 207 3621 de
229 3583 287 3642 quo
308 3566 445 3629 Horatius
465 3565 560 3627 Carni.
584 3566 649 3626 131
662 3613 671 3642 ,
685 3569 714 3625 '7
736 3572 811 3626 Liris
832 3573 922 3642 quieta
944 3574 1052 3628 inardet
1071 3593 1144 3647 aqua
1168 3577 1280 3630 araterr-

168 3689 222 3729 nos
243 3679 342 3732 omnes.
378 3670 423 3731 of.
448 3671 623 3732 Niebuhrius
646 3673 665 3732 l.
688 3675 705 3732 l.
733 3692 760 3751 p.
778 3673 839 3732 340
863 3672 987 3731 caluo.

633 3945 759 4008 CAPVT
782 3947 821 4007 ΙΙΙ

256 4110 287 4169 ln
306 4112 351 4171 his
371 4123 506 4190 quuattuor
524 4117 625 4191 libris,
650 4118 687 4177 de
711 4119 815 4195 quuibus
830 4128 895 4195 cap
912 4116 939 4176 ll
952 4118 1080 4192 egimus,
1102 4133 1155 4192 per
1169 4114 1281 4191 amplos

169 4216 264 4277 hiatus
274 4237 310 4278 ao
323 4218 441 4280 lacunas
456 4224 538 4299 quasi
551 4224 663 4281 incerto
680 4225 806 4300 uestigio
823 4224 992 4283 errauimus.
1012 4223 1117 4280 Sexti
1136 4221 1281 4279 annalis
