2932 4942
566 343 795 403 uuuruuau
1118 369 1239 418 Lm,

127 506 202 563 sisse
224 504 362 563 Lucilium
384 504 504 564 Seruius
529 515 652 566 testatur
675 510 702 566 iu
732 509 806 569 Aen.
831 511 871 572 Xl
891 515 948 575 601
974 527 1030 577 tnm
1050 526 1105 580 tote
1123 526 1239 598 ferrens

126 616 212 670 bostis
244 612 351 667 Horret
372 627 398 666 e.
423 628 451 687 q.
475 611 513 688 s}
550 616 678 673 horret
711 627 801 676 antem
836 625 965 680 terribilis
994 633 1047 683 est.-
1083 638 1124 686 est
1147 639 1237 688 autem

125 735 226 775 uersos
247 717 395 772 Ennianus
422 721 597 789 uituperctns
625 740 643 776 o
665 724 768 781 Lucilio
796 729 902 785 dicente
919 746 976 802 per
1004 734 1162 790 tonsionem
1189 739 1235 793 de·

125 825 214 879 baisse
229 837 291 877 enm
307 823 400 878 dicere
413 824 540 881 torret
555 833 591 882 et
610 830 667 901 etp
676 836 716 884 et.
754 832 831 887 Vnde
844 832 979 891 Horatius
998 837 1032 891 de
1043 836 1145 895 Lucilio
1158 836 1235 914 (Sat.

125 923 216 999 110,
240 924 297 1002 54)
331 930 405 985 ‘non
434 931 519 985 ridet·
539 947 639 988 nersnrs
664 936 741 990 Enni
766 943 904 1009 pronitate
930 944 1079 998 minores’
1123 939 1237 1001 Etenim

125 1028 199 1088 baec
218 1019 326 1088 Seruii
345 1031 369 1088 si
389 1050 452 1090 cum
476 1032 527 1091 illo
547 1031 686 1093 blacrobii
715 1035 783 1096 loco
806 1041 983 1118 contuleris,
1010 1061 1067 1103 non
1091 1045 1236 1106 dubitabis

126 1137 246 1213 opinor,
274 1138 341 1214 quin
365 1137 484 1196 Seruius
513 1139 596 1198 istum
620 1159 705 1217 quem
732 1142 791 1200 dixi
822 1141 905 1204 Ennii
933 1165 1048 1207 uersum
1079 1149 1234 1226 signiiicet.

123 1239 162 1298 Vt
182 1239 251 1299 nibil
273 1252 360 1317 agant
382 1243 511 1303 editores
535 1247 583 1322 qui
605 1246 686 1305 abusi
709 1247 804 1306 Seruii
833 1252 997 1311 testimonio
1020 1255 1103 1312 nimis
1129 1255 1235 1316 libera·

124 1345 191 1404 liter
213 1344 307 1405 Ennio
332 1348 410 1407 illum
431 1349 573 1427 Vergilii:
603 1356 711 1411 Horret
736 1373 805 1430 oper
826 1363 972 1432 campique
1003 1366 1090 1419 armes
1116 1365 1235 1420 subtimi-

124 1455 173 1511 tans
193 1458 295 1512 ardent
314 1454 470 1519 ascribant.
507 1455 562 1528 Qui
591 1476 654 1516 cum
682 1459 814 1534 indignus
844 1479 912 1520 sane
935 1462 1073 1522 inrisione
1096 1464 1147 1539 sit,
1177 1473 1236 1523 tum

123 1557 250 1618 Lucilius
280 1559 423 1638 hisquae
455 1562 525 1621 dicit
545 1567 641 1622 torret
662 1574 688 1622 et
717 1571 790 1641 otpet
811 1567 965 1625 manifesto
995 1568 1031 1627 ad
1058 1568 1141 1628 Ennii
1169 1569 1233 1628 illo:

123 1671 249 1740 splendet
274 1676 300 1724 et
325 1670 422 1725 torret
448 1667 566 1727 adludit.
612 1668 696 1728 Vnde
723 1670 746 1727 si
776 1670 843 1747 quid
866 1681 911 1730 est
934 1672 961 1730 iu
985 1690 1022 1730 eo
1048 1691 1135 1731 uersu
1157 1674 1235 1751 quod

123 1771 309 1847 emendetur,
343 1771 417 1831 baec
443 1783 591 1850 postrema
622 1774 744 1851 adparet
767 1776 872 1835 nullam
902 1779 1017 1838 omuino
1050 1779 1235 1838 mutationem

124 1877 212 1936 ierre.
258 1876 290 1936 ld
324 1878 402 1956 quod
431 1896 488 1937 non
522 1879 593 1938 satis
625 1880 735 1938 curauit
767 1879 896 1939 Ritterus
930 1882 957 1940 in
987 1882 1109 1961 Ephem.
1145 1887 1232 1964 antiq.

122 1981 248 2042 Darmst.
282 2001 307 2042 a.
341 1983 421 2044 1840
449 2002 478 2062 p.
515 1983 593 2043 391:
625 1986 673 2062 qui
711 1986 928 2045 inconsiderate
958 1984 1165 2047 Neukircbium
1196 1989 1234 2049 de

123 2085 181 2145 lab.
205 2095 267 2163 tog.
299 2106 327 2165 p.
351 2089 392 2149 46
421 2099 540 2148 secutus
569 2108 605 2149 eo
641 2109 727 2169 quem
760 2090 873 2150 elinxit
906 2100 1091 2152 tetrametro:
1125 2095 1234 2168 spdrsis

122 2195 209 2250 tastis
229 2198 314 2268 tdnpis
340 2215 456 2269 campus
477 2200 602 2269 spte'ndet
620 2200 768 2271 borrdgtte
788 2197 816 2254 e't
830 2203 913 2271 gemit
933 2213 1017 2254 omne
1041 2196 1142 2256 Lucilii
1163 2199 1233 2259 ludi·

124 2297 216 2356 brium
237 2298 392 2358 abstersit:
424 2318 461 2359 ne
491 2301 558 2378 quid
588 2302 624 2360 de
647 2299 798 2360 llaorobic
827 2300 921 2359 dicam
950 2321 1035 2380 quem
1059 2301 1111 2360 ille
1143 2303 1234 2380 ipsius

123 2413 204 2462 certe
227 2406 435 2465 consuetudine
459 2417 641 2485 repugnante
663 2406 797 2467 consulto
819 2423 911 2464 uoces
931 2424 1003 2483 quas
1024 2406 1087 2484 ipse
1110 2409 1234 2466 restituit

123 2511 257 2568 omisisse
278 2511 421 2588 opinatur.
466 2511 574 2572 Verum
595 2515 619 2572 si
640 2513 704 2590 quis
727 2521 822 2570 tamen
844 2509 927 2568 Ennii
949 2512 1062 2589 poesim
1083 2513 1155 2572 nolit
1176 2513 1234 2572 hcc

122 2615 204 2692 quasi
227 2625 356 2675 monstro
386 2617 546 2677 hexametri
572 2617 762 2678 dedecorari:
792 2634 827 2675 ea
854 2615 945 2675 uerba
970 2617 1009 2674 ita
1034 2626 1064 2675 ut
1085 2616 1236 2676 traduntur

122 2720 284 2779 Saturnium
301 2719 446 2780 eiiiciunt:
469 2728 579 2799 sparsis
600 2725 686 2782 lecistis
703 2726 957 2799 tongum-cdmpns
974 2725 1100 2797 splendet
1120 2733 1146 2781 et
1166 2727 1231 2782 inir-

122 2837 172 2886 ret.
217 2825 263 2885 Ac
285 2826 353 2886 licet
376 2828 527 2888 Saturnios
548 2831 596 2907 qui
620 2827 735 2907 quidem
764 2828 837 2886 certi
861 2829 917 2887 sint
941 2829 969 2886 in
992 2827 1076 2886 Ennii
1102 2827 1234 2906 reliquiis

123 2949 179 2990 non
201 2932 379 3008 detexerim,
406 2942 502 2992 tamen
524 2935 592 3012 quid
619 2931 745 3010 inpedit,
779 2949 836 3010 quo
864 2934 956 2991 miuus
985 2947 1049 2988 eum
1078 2931 1105 2987 in
1127 2932 1233 2988 saturis

122 3039 245 3096 maxime
267 3037 325 3097 boo
343 3056 460 3117 quoque
483 3046 576 3096 metro
591 3036 767 3115 aliquotiens
782 3055 863 3094 usum
880 3052 948 3094 esse
965 3032 1140 3094 credamus?
1173 3034 1233 3094 Sed

121 3141 179 3202 boc
200 3153 261 3202 utut
284 3151 343 3218 est,
375 3161 438 3202 curn
462 3141 530 3200 illud
554 3142 661 3200 uicisse
685 3142 806 3216 uidear,
836 3141 922 3200 uariis
944 3139 1111 3215 Scipionem
1133 3140 1233 3197 metris
1347 3197 1351 3206 ,

121 3247 275 3307 deductum
296 3248 403 3308 fuisse:
438 3248 546 3306 corruit
569 3248 646 3325 quod
669 3247 798 3306 Ritterus
822 3246 841 3309 l.
864 3246 883 3305 l.
906 3244 1037 3322 cupidius
1067 3244 1233 3321 Scipionem

122 3373 191 3413 esse
213 3355 328 3432 epicum
353 3371 469 3414 carmen
490 3352 629 3412 defendit.
682 3349 735 3410 Gui
762 3352 790 3410 in
814 3371 849 3412 ea
876 3371 909 3412 re
931 3350 1042 3428 Hugius
1067 3350 1232 3410 adsentiens

123 3459 165 3518 illi
185 3461 283 3518 uersui
305 3478 390 3537 quern
413 3476 470 3517 non
498 3468 601 3537 posset
621 3476 679 3517 nou
701 3475 755 3536 pro
778 3459 947 3518 hexametro
960 3456 1069 3517 babere
1083 3457 1110 3515 in
1125 3456 1232 3516 annali-

122 3565 177 3623 bus
199 3565 298 3623 sedem
318 3564 462 3642 adsignat,
486 3566 632 3624 nimirum
656 3563 845 3639 llaorobium,
867 3583 930 3623 cunr
950 3563 1117 3641 Scipionem
1143 3562 1231 3635 dicat,

121 3686 179 3727 non
201 3687 237 3728 ec
259 3671 374 3728 nomine
402 3670 566 3746 insignitum
590 3688 721 3743 carmen,
750 3667 804 3727 sed
832 3677 943 3745 partem
972 3668 1114 3727 annalium
1132 3666 1233 3725 dicere

122 3776 257 3854 opinatus
288 3793 351 3834 eam
384 3794 459 3853 quae
486 3775 609 3835 maxime
636 3776 664 3832 in
686 3774 832 3852 Scipionis
860 3772 949 3831 rebus
976 3782 1120 3831 uersetur.
1172 3771 1232 3830 Sed

122 3881 179 3941 boc
208 3901 272 3941 cum
296 3879 490 3957 ambiguitatis
513 3898 601 3940 causa
624 3898 728 3938 uerear
755 3887 785 3937 ut
808 3877 958 3955 quuisquam
979 3878 1231 3952 grammaticorum

122 4004 243 4045 ausums
265 3986 369 4060 luerit,
397 3993 455 4043 tum
471 3984 612 4044 blacrobii
631 3985 699 4044 loco
722 3991 880 4063 praeeunte
900 3982 964 4058 ipso
986 3980 1127 4039 annalium
1148 3980 1231 4039 titulo

122 4091 268 4169 inprimis
288 4090 499 4150 incommodum
521 4092 608 4150 ioret.

207 4193 308 4275 ltaque
330 4214 393 4257 cum
415 4198 470 4254 iam
492 4196 531 4255 ob
553 4214 687 4255 uersuum
710 4214 794 4277 quam
807 4193 936 4273 Scipioni
955 4189 1160 4252 uindicauimus
1182 4207 1231 4251 ua·
