2932 4942
588 278 937 368 ruaooanmavu

412 478 548 572 Coge'ns
567 476 707 548 sublime
724 478 821 549 etism
842 479 941 573 a‘tque
959 480 1056 550 etiam

413 582 527 654 Noctis
545 583 615 653 iter.
745 683 773 754 Π

655 803 865 896 Agamemno

409 905 574 975 Procede:
601 908 744 999 gradum
767 907 916 998 prole'rre
936 907 1057 997 pedum

411 1009 539 1078 Nitere:
567 1032 699 1096 cessas
727 1009 835 1080 olide
853 1010 981 1080 senex?

779 1143 795 1181 a

218 1269 280 1330 150
412 1260 588 1356 [Gallique]
608 1146 894 1335 rauentlllucstus
913 1248 1020 1330 russis

412 1363 533 1451 Canta,
561 1366 748 1461 plausuque
768 1366 922 1459 premunt
941 1364 1024 1434 alas.

735 1503 784 1574 lV

696 1621 827 1693 Chorus

357 1713 443 1789 'Otio
466 1719 521 1812 qni
545 1721 650 1795 ne'scit
670 1725 735 1811 uti,
762 1725 839 1817 pits
861 1718 976 1814 negoti
995 1719 1105 1803 habet,

305 1819 412 1904 Ouim
435 1821 636 1919 [negotioso]
660 1829 712 1899 eui
734 1832 785 1898 est
803 1824 976 1918 negotium
997 1823 1029 1892 in
1051 1820 1199 1915 negotio.

304 1926 386 1994 Nam
402 1926 454 1995 eui
473 1928 563 2020 quod
579 1935 659 2022 agat
678 1932 902 2014 institutumst,
924 1925 1015 1997 millo
1035 1923 1154 2018 [quasi]
1176 1924 1314 2016 negotio
1362 1933 1374 2037 s

201 2141 229 2189 c„
245 2128 261 2175 2
277 2142 303 2192 p.
319 2126 367 2177 121
386 2126 451 2178 Oud.
472 2131 656 2196 ‘suspicientes
671 2135 699 2182 in
712 2133 762 2182 hoe
773 2131 961 2198 perfectissimo
976 2126 1098 2187 mundi,
1117 2134 1146 2175 ut
1159 2126 1195 2174 ait
1206 2125 1314 2185 Ennius,

201 2194 242 2243 eli
250 2209 324 2259 pen,
344 2197 416 2247 miris
431 2196 575 2264 fulgoribus
589 2204 689 2253 uariata
702 2202 860 2253 caelamina!
931 2200 955 2248 11
975 2198 1066 2248 Festus
1080 2212 1106 2262 p.
1124 2194 1222 2246 14911.
1242 2197 1314 2259 ‘pe-

201 2264 273 2312 dum
291 2272 329 2314 est
345 2267 448 2329 quidem
462 2268 581 2319 baculum
597 2271 744 2331 incursum,
769 2285 819 2335 quo
833 2277 950 2336 pastores
962 2274 1114 2317 utuntur-
1126 2294 1160 2302 -
1173 2290 1208 2300 -
1225 2264 1272 2313 sed
1287 2265 1313 2313 iu

201 2348 232 2382 0⁰
247 2349 323 2384 ¹¹⁸OEss
337 2337 381 2397 qui
394 2343 433 2386 est
446 2337 472 2384 in
486 2338 623 2404 Iphigenia
634 2342 714 2392 Enni:
734 2339 874 2406 proeed‘e
969 2336 1098 2388 cessas?
1116 2335 1144 2385 id
1162 2335 1247 2399 ipsum
1267 2333 1314 2382 ba-

201 2401 286 2452 culum
306 2404 447 2469 significari
466 2422 524 2457 eum
541 2409 577 2457 ait
587 2410 709 2471 Verrius,
728 2411 816 2460 mirari
836 2411 899 2460 satis
914 2423 964 2458 non
983 2421 1103 2473 possum,
1119 2420 1179 2455 ‘eum
1198 2404 1231 2452 sit
1250 2404 1313 2453 ordo

200 2472 273 2532 talis,
298 2482 323 2522 et
341 2489 387 2538 per
406 2490 464 2524 eum
483 2477 636 2542 signifieatio
657 2488 760 2546 aperta,
779 2481 915 2546 gradum
934 2476 1087 2544 proferre
1106 2475 1223 2541 pedum
1240 2489 1313 2522 aes-

201 2542 273 2591 aas?
290 2543 414 2593 nitere)
439 2544 488 2610 (cl.
510 2547 542 2596 H.
557 2548 654 2599 Keilius
672 2549 689 2598 l.
708 2549 726 2599 1.
746 2565 773 2615 p.
787 2548 853 2614 613)
886 2547 973 2599 Schol.
996 2548 1091 2596 Veron.
1112 2546 1139 2594 in
1156 2545 1235 2608 Verg.
1256 2542 1311 2592 Eal.

200 2612 226 2672 52
240 2610 275 2661 88
288 2627 314 2677 P·
330 2613 363 2663 7²
377 2612 443 2663 Keil·
469 2616 580 2681 ‘pedum
594 2627 678 2670 autem
692 2626 730 2670 est
742 2619 863 2669 baculum
877 2633 1024 2675 recuruum,
1044 2629 1093 2678 quo
1107 2622 1224 2680 pastores
1238 2621 1314 2662 utun-

200 2689 250 2730 tur.
260 2679 299 2746 [ut
311 2684 398 2748 operis
411 2684 549 2751 auxilium]
569 2696 612 2738 aut
626 2688 810 2739 adminiculum
822 2688 918 2754 pedum
931 2689 978 2747 sit,
996 2692 1025 2735 ut
1041 2686 1077 2735 ait
1089 2685 1186 2734 Ennius
1198 2683 1224 2731 in
1238 2682 1313 2748 lflge-

200 2751 258 2800 nia:
276 2751 397 2817 gradum’
416 2770 439 2804 e·
451 2769 475 2816 q·
487 2771 509 2804 s.
582 2759 617 2808 lll
638 2759 727 2810 Cicero
740 2759 772 2809 de
787 2758 840 2808 diu.
856 2760 880 2808 ΙΙ
896 2757 939 2817 111,
953 2758 987 2807 57
1008 2760 1138 2804 ‘curante
1152 2754 1234 2803 lucem
1249 2752 1312 2818 galli

200 2828 291 2870 1111111111
379 2825 423 2887 qui
442 2824 546 2887 quidem
564 2828 666 2878 silentio
687 2829 785 2889 noetis,
808 2836 837 2878 ut
858 2829 894 2878 ait
913 2827 1023 2889 Ennius,
1049 2823 1175 2875 fauent'
1200 2838 1268 2886 e.vq.
1288 2838 1311 2872 s.

200 2891 255 2941 Huc
274 2890 351 2942 refert
371 2891 401 2943 Ο.
416 2893 573 2946 Ribbeclrius
587 2897 653 2948 conl.
667 2899 728 2948 Eur.
743 2897 828 2965 Iphig.
843 2897 860 2949 9
878 2907 903 2948 et
916 2896 967 2948 156
1037 2896 1073 2944 IV
1092 2892 1190 2944 Gellius
1203 2891 1313 2944 XlX10

200 2961 347 3011 ‘admonuit
366 2963 392 3011 in
413 2965 547 3030 tragoedia
566 2982 667 3031 quoque
680 2969 760 3029 Enni,
781 2984 846 3031 quae
860 2966 996 3033 Iphigenia
1014 2965 1138 3029 iuscripta
1153 2971 1207 3022 est,
1225 2962 1252 3012 id
1271 2963 1313 3029 ip·
1370 3005 1376 3010 .

199 3044 256 3080 sum
274 3031 306 3080 de
329 3047 379 3094 qno
395 3036 583 3097 ,quaerebatur’
607 3037 657 3101 (sc.
679 3037 834 3088 uocabulum
854 3030 1147 3103 praeterpropter)
1173 3033 1312 3098 ‘seriptum

198 3115 256 3150 esse
276 3137 347 3150 .....
369 3103 401 3151 in
422 3104 491 3154 eius
510 3109 706 3173 tragoediae
724 3107 824 3157 ehoro
849 3107 985 3172 inscriptos
1001 3119 1058 3168 esse
1071 3102 1119 3154 hos
1137 3118 1228 3153 uersus
1246 3102 1312 3169 legi-

197 3185 270 3220 mus:
290 3169 452 3239 [sna-259]
550 3177 660 3242 petimus
673 3179 752 3244 igitur
764 3177 836 3227 dicae
854 3214 893 3227 ...
910 3177 954 3240 qui
967 3175 1001 3224 sit
1014 3181 1088 3224 notus
1101 3173 1208 3223 huiusce
1220 3187 1312 3223 uersus

204 3360 306 3416 Varro.
323 3364 450 3433 supera[t
464 3366 550 3432 temo]
569 3365 669 3421 Festus
754 3369 807 3424 145
829 3381 936 3437 cogens
952 3363 1070 3439 suplime
1087 3362 1170 3416 etiam
1190 3359 1221 3416 G.
1239 3359 1310 3416 Her-

197 3460 316 3500 monmis
333 3447 372 3501 ad
389 3447 461 3502 Eur.
477 3446 569 3521 Iphip.
592 3451 655 3506 Aul.
670 3454 696 3508 8.
720 3452 814 3508 stellas
838 3451 957 3506 sublime
981 3463 1088 3519 cogens
1110 3449 1214 3519 (agens
1230 3446 1309 3503 Goth.

196 3529 266 3584 Par.
283 3544 302 3582 α
313 3530 342 3598 t)
358 3531 441 3584 etiam
456 3531 527 3586 libri.
544 3535 639 3589 stellas
656 3551 764 3606 cogens
782 3536 900 3591 sublime
918 3533 1001 3588 etiam
1016 3531 1141 3605 Scaliper
1225 3535 1310 3591 asso

197 3611 253 3668 tide
275 3629 364 3668 senex
385 3615 525 3685 Berplcius
545 3617 609 3673 Ind.
632 3620 691 3674 leet.
713 3621 805 3675 Morti.
827 3621 895 3674 o'est.
918 3622 988 3676 1844
1005 3634 1039 3689 p.
1054 3614 1126 3672 XII.
1149 3633 1165 3669 o
1186 3615 1243 3670 lide

197 3697 290 3754 Sciat.
329 3697 444 3762 Veron..
479 3717 532 3754 om.
559 3702 657 3758 Festus
742 3711 796 3763 150
823 3704 944 3776 gallique
972 3702 1157 3773 supplendam
1177 3701 1312 3772 proponit

201 3781 231 3839 0.
248 3781 413 3838 Ribbeckius
498 3790 550 3843 151
564 3800 624 3857 sqq.
655 3786 759 3844 Versus
779 3790 917 3844 constituit
936 3787 968 3845 0.
989 3784 1170 3854 1111111111,
1192 3802 1310 3857 quorum

187 3872 293 3949 ,15111
312 3872 364 3926 156
379 3869 546 3940 promi-ot
564 3870 703 3943 Berpleius
787 3877 840 3932 153
868 3889 953 3944 quam
971 3889 1034 3927 eum
1057 3877 1101 3927 est
1117 3871 1260 3942 negotium
1282 3870 1310 3925 in

195 3953 308 4025 negotio
324 3953 396 4008 libri.
419 3969 503 4025 quam
521 3955 584 4022 ille,
608 3956 655 4027 qui
671 3965 714 4013 est
727 3959 892 4030 negotiosus
907 3957 996 4012 arduo
1017 3956 1046 4019 in
1062 3956 1175 4028 negotio
1194 3953 1225 4011 0.
1243 3954 1309 4011 Rii-

195 4036 316 4094 becltius.
341 4055 425 4110 quam
450 4055 514 4094 eum
540 4040 602 4112 quis
631 4045 777 4112 negotioso
804 4043 886 4097 luerit
910 4044 939 4097 in
967 4041 1079 4113 negotio
1111 4039 1224 4096 Vossius

194 4127 247 4180 154
268 4124 344 4178 nullo
369 4125 449 4195 quasi
470 4128 583 4197 negotio
601 4125 820 4185 (1111111111.
845 4128 872 4182 in
895 4128 941 4183 illo
965 4127 1078 4198 negotio
1097 4124 1187 4198 Liipd.
1208 4127 1238 4182 in
1259 4126 1307 4182 illo

194 4208 337 4294 negotium
354 4209 484 4282 Franeq:
496 4210 525 4265 in
543 4211 597 4267 illis
613 4209 726 4289 negotii
749 4213 829 4276 Voss.
844 4214 918 4273 nullo
934 4212 1047 4287 negotio
1060 4211 1142 4284 uulpo
