2932 4942
689 336 924 395 nnnntrvn

699 621 855 704 blllllll
886 618 915 700 x
966 742 972 755 .

485 831 501 877 Ι,
788 843 802 912 l
816 848 830 877 ¹!

358 977 470 1046 lnsece
492 977 588 1046 Musa
610 998 707 1046 mann
728 975 953 1045 Romanorum
973 972 1185 1062 induperator

354 1080 450 1164 Quod
474 1081 615 1173 quisque
634 1080 668 1148 in
691 1078 778 1147 bello
801 1077 909 1170 gessit
928 1098 1002 1144 cnm
1024 1096 1105 1167 rege
1125 1071 1287 1161 Philippo.

353 1333 529 1402 Leucatam
550 1336 722 1422 campsant
793 1226 821 1297 ss

774 1480 815 1550 lll
829 1478 845 1515 *

266 1623 327 1684 335
355 1613 503 1705 Egregie
526 1614 682 1683 cordatus
700 1615 800 1684 homo
818 1616 912 1682 catus
932 1608 1049 1679 Aelius
1069 1607 1194 1679 Sextus

289 1814 374 1862 Lmen
391 1814 414 1863 X
451 1816 459 1863 Ι
482 1815 579 1867 Gellius
591 1813 707 1866 xvnttt
726 1813 946 1879 ‘insequendo
968 1812 1034 1860 enim
1054 1811 1147 1869 scribi,
1168 1810 1263 1872 iuquit,
1283 1809 1370 1868 debet,

254 1898 303 1932 non
318 1885 516 1945 insecundo,
536 1886 656 1949 qnoniam
672 1886 809 1946 insequens
821 1884 961 1951 significat:
981 1882 1077 1931 dictum
1092 1890 1131 1929 est
1144 1881 1280 1941 inseque
1295 1881 1369 1941 quasi

254 1968 333 2018 perge
348 1954 471 2003 dicerent
486 1957 635 2018 insequere;
660 1956 746 2017 itaque
759 1954 791 2003 ab
805 1955 886 2007 Ennio
906 1954 1029 2016 scripturn
1048 1952 1073 1999 in
1086 1951 1127 1998 his
1145 1948 1278 1999 uersibus:
1301 1950 1371 1998 inse-

254 2024 314 2085 que'
332 2040 354 2071 e.
371 2040 396 2085 q.
412 2041 433 2072 a.
454 2051 489 2060 -
509 2025 598 2075 ‘Velio
613 2025 716 2089 Longo,
737 2039 786 2073 nou
800 2023 897 2074 homini
913 2023 1028 2078 indocto,
1049 2020 1125 2069 fldem
1140 2036 1196 2069 esse
1209 2018 1368 2068 habendam:

255 2094 299 2154 qui
317 2093 343 2141 in
360 2094 542 2143 commentario
560 2093 629 2156 qnod
644 2093 749 2143 fecisset
767 2093 800 2144 de
816 2109 863 2142 nan
883 2094 1002 2155 antiquae
1017 2090 1153 2139 locutionis
1170 2090 1303 2152 scripserit
1319 2102 1369 2137 uon

256 2164 392 2223 inseqne
416 2163 552 2228 legendnm
572 2162 641 2228 apud
660 2164 784 2222 Ennium,
812 2163 858 2212 sed
879 2163 988 2210 insece
1008 2186 1043 2195 -
1063 2186 1098 2196 -
1119 2173 1167 2225 ego
1186 2158 1294 2207 arbitror
1314 2168 1338 2206 et
1357 2173 1373 2207 e

257 2231 289 2280 bl.
306 2230 401 2281 Catone
419 2233 599 2282 insecundo
619 2241 644 2281 et
661 2247 677 2281 a
692 2231 721 2290 Q.
737 2232 819 2282 Ennio
834 2233 947 2283 insece
967 2231 1090 2294 scriptum
1102 2229 1157 2277 siue
1171 2244 1187 2277 n
1204 2228 1295 2278 littera.
1326 2226 1373 2278 Of·

256 2299 326 2349 rendi
345 2300 413 2351 euim
434 2301 460 2351 in
479 2301 635 2351 bibliotheca
647 2300 762 2351 Patrensi
783 2301 876 2351 librum
896 2314 973 2351 uerae
993 2300 1125 2349 uetustatis
1140 2299 1208 2347 Liuii
1220 2297 1372 2355 Andronici,

256 2369 299 2432 qni
312 2369 451 2435 inscriptus
463 2379 502 2421 ast
511 2361 672 2431 Ὀδύσσεια,
700 2372 726 2420 in
742 2385 791 2434 qno
806 2380 859 2422 erat
872 2386 962 2420 uersus
973 2369 1072 2435 primns
1086 2384 1143 2417 curn
1156 2366 1206 2417 hoo
1219 2367 1296 2417 uerbo
1315 2367 1372 2417 sine

256 2439 389 2488 ulittera:
420 2439 907 2493 uirummihicamenainsece
928 2439 1107 2489 uersutum'
1134 2454 1157 2488 e.
1179 2454 1203 2500 q.
1223 2453 1244 2487 s.
1278 2437 1372 2488 Totum

256 2508 340 2558 locum
355 2524 388 2558 ex
401 2510 606 2575 unoBuslldiano
618 2508 718 2571 codice,
733 2511 777 2573 qui
791 2511 872 2561 codex
885 2510 963 2560 bodie
977 2509 1089 2569 euanuit,
1104 2506 1200 2557 rettulit
1210 2506 1240 2558 G.
1248 2506 1372 2557 Canterue

256 2576 287 2627 N.
302 2575 331 2626 1..
347 2578 368 2626 ll
379 2576 405 2628 6.
435 2578 529 2629 Pettius
543 2580 611 2631 Festi
627 2595 654 2645 p.
668 2566 718 2630 l11
735 2578 769 2629 M.
789 2581 943 2642 ‘inseque
958 2578 1028 2644 apud
1042 2576 1152 2639 Ennium
1166 2576 1226 2636 dic;
1246 2575 1373 2627 insesit

257 2647 369 2697 dixerit!
399 2648 427 2697 lu
445 2648 522 2700 huius
540 2649 600 2700 libri
617 2650 690 2700 initio
708 2649 807 2700 Merula
824 2649 911 2716 posuit
981 2648 1003 2698 ll
1022 2648 1168 2697 Priscianus
1188 2646 1212 2695 Χ
1230 2662 1257 2712 p.
1271 2644 1324 2696 906
1341 2644 1371 2696 Ρ.

256 2718 322 2783 (lp.
338 2716 447 2782 olon.)
467 2719 580 2770 ‘cambio
592 2707 698 2786 ἀμείβω
720 2720 793 2786 ponit
811 2718 944 2771 Charisius
962 2726 986 2767 et
1004 2718 1060 2767 cius
1079 2717 1244 2783 praeteritum
1262 2716 1373 2781 compsi,

258 2784 327 2850 qnod
343 2776 402 2837 riuti
421 2784 474 2838 τοῦ
494 2780 611 2855 κάμπτω
633 2779 748 2853 drappos
761 2789 858 2840 Graeco
878 2803 935 2838 esse
954 2788 1064 2837 uidctnr.
1094 2786 1169 2837 Vnde
1187 2795 1212 2836 et
1231 2786 1371 2850 campso'

257 2858 386 2923 (carneo
405 2855 485 2924 lieg.)
511 2860 645 2924 ‘campens
667 2858 784 2909 solebant
801 2856 970 2909 uetustissimi
992 2856 1086 2906 dicere.
1120 2856 1217 2905 Ennius
1234 2855 1260 2904 in
1275 2853 1300 2903 X
1319 2855 1372 2903 ...'

257 2924 327 2993 (·x1·
341 2924 421 2994 Saug.
434 2926 534 2994 Lugd.)
606 2928 637 2977 lli
650 2926 738 2978 Cicero
754 2928 786 2978 de
798 2944 825 2978 ra
838 2945 865 2995 p.
878 2928 889 2977 l
902 2924 944 2986 ts,
960 2924 995 2978 30
1009 2926 1049 2975 ‘in
1061 2925 1145 2991 ipsius
1157 2933 1265 2991 paterno
1278 2938 1372 2990 genere

258 2996 307 3046 luit
319 3005 406 3047 noster
419 2997 464 3049 ille
478 2999 589 3058 anricus,
610 2999 705 3065 dignus
717 2996 778 3048 huic
791 2998 825 3048 ad
839 2996 1005 3058 imitandum,
1025 2996 1172 3062 egregie'
1192 3011 1215 3045 e.
1231 3010 1256 3057 q.
1271 3010 1293 3042 s.
1313 2993 1372 3057 ‘qui

258 3066 361 3133 egregie
375 3067 494 3117 cordatus
509 3077 534 3117 et
549 3076 620 3119 catus
636 3068 685 3118 ltrit
696 3076 721 3118 et
734 3069 766 3117 ab
779 3068 862 3118 Ennio
875 3067 958 3117 dictus
971 3074 1023 3126 est,
1044 3080 1094 3114 non
1108 3065 1177 3127 qnod
1190 3079 1221 3114 ea
1235 3062 1374 3127 quaerebat

258 3150 324 3199 qnae
337 3150 475 3199 numquam
489 3138 629 3197 inueniret,
648 3137 695 3188 sed
709 3138 778 3201 qnod
789 3154 819 3188 ea
831 3135 1003 3202 respondebat
1017 3150 1082 3198 qnae
1097 3134 1198 3197 eosqui
1212 3133 1373 3197 quaesissent

259 3213 284 3255 et
303 3220 364 3255 cura
382 3215 407 3256 et
426 3207 529 3273 negotio
548 3207 696 3259 noluerent!
723 3207 793 3257 ldem
807 3208 839 3258 de
854 3216 918 3257 orat.
935 3206 1001 3266 145,
1018 3203 1068 3255 198
1087 3206 1129 3253 ‘ut
1145 3204 1189 3253 ille
1207 3205 1250 3267 qni
1266 3210 1373 3269 propter

260 3274 326 3323 lrane
346 3274 409 3324 iuris
428 3274 514 3326 ciuilis
531 3276 664 3328 scientiam
684 3277 722 3327 sic
739 3277 884 3342 appellatus
904 3292 919 3327 a
936 3288 1035 3325 summo
1053 3276 1131 3338 poeta
1147 3281 1198 3323 est:
1223 3273 1372 3338 egregie'

261 3360 283 3392 e.
301 3358 325 3406 q.
342 3358 363 3392 e.
379 3340 444 3409 (om.
459 3344 487 3394 h.
501 3346 517 3395 l.
534 3346 637 3396 Abrinc.
651 3346 704 3396 Erl.
716 3342 745 3408 a)
770 3346 839 3397 ldem
852 3346 928 3396 Tunc.
946 3345 1014 3409 disp.
1029 3343 1079 3403 ln,
1095 3342 1128 3395 18
1143 3343 1216 3392 ‘aliis
1229 3356 1274 3392 eor
1286 3343 1372 3407 ipsum

260 3414 360 3460 animus
374 3413 488 3463 uidetur:
509 3430 541 3472 ex
562 3430 611 3478 quo
633 3416 758 3464 excordes
775 3417 898 3467 uecordes
921 3413 1111 3476 concordesque
1129 3414 1260 3472 dicuntum
1279 3421 1304 3462 et
1322 3411 1372 3461 Na·

260 3481 315 3529 sica
330 3481 373 3530 ille
385 3482 499 3546 prudens
513 3485 553 3534 blo
567 3485 656 3534 consul
669 3484 804 3535 Corculum
817 3494 842 3535 et
859 3485 1007 3553 egregie’
1026 3499 1050 3533 e.
1066 3499 1090 3546 q.
1106 3498 1127 3532 s.
1155 3483 1238 3532 Varro
1252 3483 1285 3532 de
1300 3481 1330 3531 L.
1342 3481 1371 3530 1..

262 3550 308 3599 Vll
320 3550 355 3601 40
370 3550 403 3600 Μ.
426 3552 510 3616 ‘apud
523 3554 645 3603 Ennium:
664 3554 716 3603 iam
731 3562 788 3603 enta
801 3556 875 3621 signa
887 3556 941 3606 lere
955 3554 1065 3603 sonitum
1079 3553 1141 3602 dore
1153 3567 1217 3602 noce
1234 3550 1372 3617 parabant}

261 3626 347 3679 eata,
374 3628 460 3669 acina:
484 3621 533 3671 hoo
547 3625 615 3673 enim
629 3623 708 3673 uerbo
722 3624 809 3673 dicnut
822 3624 926 3685 Sablnl3
947 3637 1026 3686 qnare
1045 3630 1137 3672 catus
1157 3623 1272 3671 Aelius
1291 3621 1372 3671 Sex-

260 3695 325 3747 tus,
351 3703 400 3738 non
414 3698 441 3737 nt
455 3691 525 3740 aiunt
537 3694 642 3758 sapiens
655 3693 702 3743 sed
721 3695 828 3743 accitus!
856 3696 921 3745 Huic
932 3693 998 3743 libro
1013 3693 1124 3742 insertus
1136 3693 1168 3741 ab
1180 3691 1278 3742 Merula

303 3904 356 3960 334
369 3878 510 3958 leucatim
520 3899 589 3974 Req.
596 3902 834 3963 seminaberis.
848 3908 977 3963 leucaten
989 3904 1075 3979 Sorrq.
1084 3904 1173 3981 bqr.
1194 3906 1238 3980 Cf.
1246 3900 1371 3963 Riteclrc-

260 3984 314 4042 bire
331 3985 407 4044 Prot
425 3987 502 4044 Trio.
519 4004 553 4061 p.
574 3987 691 4044 LXXX
695 3988 757 4046 VII
838 3992 988 4048 Leucatam
1010 3990 1124 4045 flectere
1146 3993 1241 4048 Cicero
1262 3991 1302 4046 nd
1319 3991 1373 4045 Au.

269 4070 293 4125 V
306 4076 332 4139 9,
354 4078 367 4130 l
454 4079 581 4129 comeant
595 4071 735 4130 Hatberat.
748 4075 835 4132 Rern.
858 4076 987 4133 Similiter
1003 4076 1106 4132 Graeci
1117 4065 1261 4152 κάμπτειν
1273 4064 1374 4150 ἄκραν

260 4157 320 4211 siun
338 4142 526 4235 ἀκρωτήριον
546 4157 667 4227 (Herod.
686 4158 707 4215 1
710 4159 737 4216 V
749 4167 784 4223 43
802 4159 881 4229 aleb)
910 4160 954 4233 Cf.
973 4158 1117 4217 Tttrrtebna
1131 4164 1202 4218 Ado.
1220 4162 1252 4216 X
1255 4158 1299 4217 Vl
1315 4165 1336 4221 6

325 4250 376 4305 335
394 4244 505 4312 Aelius]
524 4245 596 4300 elius
612 4244 689 4300 Flor.
714 4245 852 4303 Varronis
