2932 4942
251 388 337 435 xxv1
651 366 963 446 QVAESi'tONES

250 547 313 604 nius
340 546 454 605 uidetur
482 564 497 604 a
528 544 648 605 Graecis
680 552 824 607 mutuatus
857 563 941 623 esse,
978 547 1043 607 uide
1068 547 1253 607 Niebuhrium
1282 545 1354 605 llist.

253 651 337 711 liom.
362 651 374 712 l
404 670 431 730 p.
455 650 513 710 25:
550 653 598 731 qui
625 651 702 729 quod
730 652 795 711 adn.
818 652 856 712 41
878 671 964 714 uersu
986 655 1036 715 illo
1060 653 1160 733 (XXl)
1175 657 1357 729 pcrtcitnhunt

251 758 321 834 legi
342 757 439 833 iubet,
471 774 527 815 non
559 735 716 816 adsentior.
773 760 934 820 Saturniam
969 771 1063 822 antem
1097 771 1203 821 terram
1240 768 1269 818 ut
1299 759 1356 820 hoc

249 873 353 925 tenore
374 865 546 944 adpellatam
569 885 636 927 esse
659 865 812 946 probabile
837 876 893 941 cst,
916 872 954 928 ita
976 868 1095 936 Ennius,
1109 886 1166 947 quo
1188 869 1250 927 eius
1266 869 1355 926 nomi·

249 974 293 1032 nis
316 973 457 1061 originem
480 974 602 1051 aperiat,
627 991 681 1051 per
704 975 829 1052 episodii
851 977 1039 1035 occasionem
1067 975 1180 1036 lahulas
1209 974 1355 1052 expromit

249 1080 365 1140 Saturni
389 1079 577 1158 Titanumque
609 1081 765 1140 certamina
790 1083 959 1161 perstringit
982 1082 1102 1161 (XXlV.
1120 1080 1211 1141 XXV.
1230 1079 1354 1157 XXVl).

250 1170 438 1247 Gonhdcntcr
456 1186 572 1266 loquor,
594 1169 763 1266 quamquam
785 1206 842 1248 non
862 1190 928 1269 plus
950 1199 1069 1269 praesto
1092 1207 1176 1268 quam
1195 1190 1269 1249 hano
1288 1204 1355 1265 pro·
1427 1202 1432 1212 ·

248 1293 423 1354 habiliorem
442 1296 584 1353 rationem
603 1294 695 1354 uideri
717 1314 752 1355 ea
777 1315 833 1375 qua
853 1297 910 1383 alii¹
926 1298 980 1356 hos
1003 1314 1108 1354 uersus
1137 1296 1354 1374 disposuerunt.

248 1401 436 1480 lnprohahile
458 1403 533 1461 enim
551 1401 617 1462 dico
638 1403 686 1462 uel
701 1404 789 1488 illud,
813 1406 891 1484 quod
915 1403 1046 1478 Remum,
1070 1420 1134 1462 crum
1154 1402 1355 1462 urbismurum

248 1511 416 1586 transiliret,
439 1509 584 1587 llbergius
598 1512 789 1598 ¹exclamasse
812 1513 840 1571 in
863 1512 938 1572 huno
959 1511 1073 1571 modum
1103 1512 1258 1590 opinatur:
1285 1512 1355 1582 Iup-

242 1625 319 1694 piicr
352 1627 381 1677 ut
408 1638 487 1677 muro
513 1612 607 1693 fretus
634 1625 721 1695 mops‘s
751 1625 869 1696 quamdc
899 1639 998 1680 mnus
1028 1625 1058 1679 ui
1090 1614 1239 1695 (XXVI).
1290 1613 1356 1672 Non

248 1726 341 1802 magis
357 1715 548 1807 prohoqnod
569 1724 604 1784 ir.
628 1723 732 1785 XXlV.
757 1726 838 1786 XXV
865 1726 1030 1788 Euhemero
1055 1727 1116 1784 sine
1140 1718 1242 1780 sao'rae
1264 1720 1355 1779 histo·
1455 1724 1459 1729 ’

247 1820 309 1891 riae·
332 1829 498 1890 llrahnerus
525 1831 562 1891 de
592 1835 688 1893 causis
711 1853 788 1918 corr.
812 1835 897 1912 relig.
920 1835 1003 1894 Rom.
1032 1852 1060 1912 p.
1084 1832 1124 1890 to
1144 1827 1272 1886 ascribit.
1308 1824 1356 1886 Gi:

249 1937 417 2012 Bernhardy
437 1936 501 1997 Litt.
527 1937 609 1997 Rom.
633 1959 661 2018 p.
684 1942 754 2002 366.
792 1940 892 2001 Fidem
909 1942 1009 2001 lacere
1025 1943 1103 1999 uisus
1119 1946 1164 1997 est
1179 1937 1356 2010 Lactantius,
1449 1992 1452 1996 .

248 2045 297 2122 qui
320 2044 376 2103 diu.
404 2045 469 2102 inst.
495 2042 507 2103 l
534 2063 560 2103 c.
588 2044 631 2104 lt
662 2064 700 2104 ex
727 2064 763 2106 eo
792 2047 868 2107 libro
897 2049 970 2108 haec
998 2055 1110 2108 narrat:
1146 2025 1356 2104 deinde'Titou
1394 2050 1401 2059 '

242 2162 391 2228 postquam
426 2157 539 2210 rescipit
572 2155 693 2211 Saturno
722 2159 795 2228 filios
821 2166 985 2229 procreatos
1017 2165 1099 2230 atquc
1135 2137 1264 2210 educatos
1295 2166 1354 2209 csse
1427 2169 1432 2177 ·

247 2264 333 2330 clam,
362 2263 467 2316 seducit
495 2276 587 2316 secum
613 2264 686 2333 filios
718 2280 783 2320 suos
807 2267 855 2336 pici
881 2265 973 2321 Titani
1000 2268 1154 2333 uocaretur,
1181 2236 1354 2335 fratremque

140 2367 144 2376 “
248 2381 328 2425 surim
358 2369 520 2436 Saturnum,
540 2375 621 2442 (itque
652 2371 737 2441 Opem
764 2373 970 2444 conprehendit
996 2385 1095 2444 cosque
1125 2388 1204 2426 muro
1235 2373 1354 2426 circum-

248 2480 301 2549 cpit
326 2483 352 2532 et
383 2477 533 2531 custodiam
558 2476 601 2530 his
629 2477 743 2548 adponit
769 2473 858 2550 (Eub.
884 2475 949 2554 lV).
1001 2470 1114 2550 Nempe
1137 2475 1269 2551 congruit
1292 2492 1374 2547 cum.

250 2579 309 2639 illis
331 2578 368 2638 ir.
391 2576 484 2654 XXV,
511 2579 589 2659 quod
612 2580 675 2638 sine
695 2580 791 2641 indice
811 2581 876 2641 libri
899 2581 1009 2640 Nonius
1033 2599 1061 2659 p.
1086 2578 1158 2656 216,
1183 2579 1223 2641 29
1246 2577 1356 2641 cilauit.
1387 2624 1393 2635 .

249 2687 288 2746 ht
309 2672 343 2746 ea
368 2690 560 2770 congruentia
582 2705 640 2747 non
662 2689 779 2764 suflicit,
803 2699 843 2766 ut,
866 2693 890 2749 si
913 2690 990 2750 nulla
1007 2691 1063 2750 alia
1083 2707 1116 2748 re
1140 2689 1358 2750 commendatur
1403 2698 1407 2706 '
1450 2713 1455 2723 ·

248 2797 446 2873 coniectura,
467 2797 495 2854 ei
520 2794 594 2856 lihro
618 2797 777 2862 inseramus
802 2791 1003 2874 fragmentum.
1029 2796 1136 2870 ¹(luam
1162 2796 1250 2855 multa
1280 2799 1358 2857 enim

247 2902 356 2963 Ennius
387 2903 481 2983 potuit
507 2903 535 2960 in
565 2902 715 2962 annalibus
744 2904 792 2963 uel
824 2903 1022 2983 episodiorum
1048 2903 1170 2963 artificio
1199 2905 1356 2981 attingere,
1427 2882 1432 2890 ’

247 3031 323 3095 quae
350 3012 465 3092 plenius
492 3020 540 3072 aut
569 3020 635 3071 ante
665 3019 842 3072 tractaucrat
876 3019 924 3070 aut
951 3019 1125 3070 tractaturus
1153 3021 1215 3071 erat
1241 3013 1270 3070 in
1296 3012 1356 3072 alio'

246 3121 332 3181 libro.
379 3120 424 3205 Aa
443 3139 547 3209 uersus
567 3127 613 3179 est
634 3117 711 3186 istud
734 3118 934 3195 fragmentum,
956 3134 1013 3176 non
1031 3119 1146 3194 integre
1159 3120 1274 3198 quidem
1292 3139 1356 3180 ser·

247 3238 340 3305 uatus,
364 3229 417 3288 sed
438 3230 476 3289 ita
496 3236 527 3287 ut
544 3214 608 3287 'leni
634 3227 790 3286 mutatione
814 3226 908 3286 honus
930 3225 1102 3286 hexameter
1117 3236 1213 3286 exeat.
1257 3225 1355 3288 Euhe-

159 3403 163 3412 ,
245 3355 355 3396 merum
377 3353 467 3410 uero,
489 3343 518 3394 ut
541 3352 657 3395 carmen
676 3334 779 3408 luerit,
808 3333 907 3393 herois
929 3332 1062 3392 uersibus
1090 3341 1237 3392 exaratum
1261 3333 1356 3394 luisse

248 3414 339 3519 aegre
364 3443 511 3504 ‚euincas:·
528 3440 580 3500 illo
604 3440 719 3518 quidem
744 3460 831 3501 uersu
855 3442 903 3518 qui
926 3448 1029 3514 caute,
1057 3417 1263 3515 non'temerc,
1292 3459 1356 3500 rem

246 3567 336 3627 agere
362 3550 440 3627 cupit
462 3565 519 3605 non
542 3545 661 3606 debebit
684 3547 773 3605 inniti.
819 3546 916 3624 Atque
940 3544 1084 3623 llbergius
1106 3548 1134 3606 in
1160 3547 1232 3625 ipsis
1256 3545 1354 3607 Euhe-

246 3657 318 3716 meri
340 3655 472 3734 reliqniis
484 3653 642 3712 trochaeos
653 3631 709 3711 ¹uel
726 3644 929 3713 trochaeorum
945 3653 1103 3731 particulas
1116 3655 1257 3733 detegere
1274 3657 1356 3715 uisus

247 3773 307 3825 est:
332 3761 427 3840 quode
450 3761 533 3840 plura
551 3760 644 3820 dicam
665 3760 748 3836 infra,
769 3778 833 3821 cum
856 3760 892 3820 ad
914 3758 989 3818 hunc
1012 3759 1107 3819 locum
1120 3762 1174 3821 erit
1188 3761 1354 3820 deuentum.

245 3871 284 3930 ht
313 3869 384 3929 illud
413 3842 566 3947 uitupero,
597 3868 675 3946 quod
704 3868 780 3927 idem
806 3867 913 3927 abusus
937 3867 1013 3927 hona
1042 3862 1213 3947 ceteroquin
1236 3868 1355 3928 coniec-

245 3988 308 4039 tura
348 3976 384 4036 ir.
419 3975 521 4053 XXV,
565 3993 622 4054 quo
661 3973 827 4036 Euhemero
863 3974 1045 4051 ascribatur,
1075 3976 1110 4066 in
1142 3982 1264 4041 metrum
1294 3984 1355 4035 tro·

246 4086 378 4145 chalcum
411 4075 571 4144 uiolentius
597 4070 752 4163 detorquet
785 4090 815 4142 ct
847 4073 950 4142 eodem
982 4101 1119 4159 numero,
1157 4101 1214 4143 non
1246 4083 1355 4161 heroo,
1454 4098 1458 4106 ·

246 4210 331 4271 quem
360 4193 466 4270 recipit
493 4211 544 4252 sua
573 4200 678 4270 sponte
699 4191 879 4265 uersiculos,
908 4189 943 4249 ir.
967 4189 1062 4250 XXlV
1085 4191 1243 4250 dimetitur:
1274 4194 1355 4271 quod

247 4317 283 4361 eo
308 4300 467 4380 procliuius
490 4299 526 4360 ad
546 4298 665 4359 annales
688 4297 798 4374 refero,
821 4307 1024 4373 cum'ncrsus,
1047 4316 1218 4377 quem-cum
1247 4296 1357 4361 illo-et
