2932 4942
220 356 321 405 nxxn
634 336 943 407 Qvnust'ton'tts

223 512 416 571 Romanorum
440 516 535 566 eastra
555 506 691 582 impetum
710 501 844 574 iecerint,
867 517 1009 559 armorum
1025 500 1207 576 hostiumque
1224 498 1331 557 obiitos

223 618 336 695 epulari
364 616 517 692 coepisse.
551 621 580 669 et
600 620 629 699 iq
652 607 755 686 quiduis
785 610 914 665 insuetus
945 605 1096 665 iiimraiior
1123 608 1217 663 uictos
1240 616 1330 663 esset.

222 723 333 781 auidius
364 722 430 778 uduo
460 717 586 794 ciboque
616 732 742 792 corpora
765 730 915 771 onerasse.
956 713 992 770 ,u
1017 712 1083 770 mihi
1106 710 1331 770 iuhismaxirne

222 825 310 885 rebus
341 832 448 902 poetae
473 822 565 881 danda
594 839 662 879 esse
686 821 801 879 lieentia
830 818 971 896 quaedam
995 818 1109 877 uidetur
1130 818 1154 874 si
1177 816 1264 875 modo
1287 826 1331 875 est

159 922 162 927 ¹
222 929 353 989 licentia:
381 949 476 1008 neque
501 948 559 1006 ego
581 929 647 988 hinc
668 930 770 986 eiciam
801 944 919 999 uersus,
944 925 1124 1002 quantumuis
1147 922 1243 981 Liuius
1270 923 1331 981 nui·

222 1038 278 1097 iam
300 1036 464 1114 crapulam,
488 1053 572 1113 quam
593 1034 719 1094 adhunc
741 1042 851 1111 partem
875 1032 1008 1091 carminis
1030 1030 1145 1105 trahas,
1168 1027 1331 1105 perhibeat.
1401 1098 1409 1109 ·

223 1142 319 1201 Potuit
341 1151 435 1201 autem
463 1143 520 1201 iilis
552 1162 589 1201 ex
612 1141 730 1199 incertis
759 1140 889 1215 fragmen
915 1136 1032 1215 aliquod
1061 1135 1097 1194 de
1121 1138 1256 1195 conuiuio
1281 1137 1331 1195 de·
1370 1180 1374 1187 .

223 1258 400 1326 promptum:
433 1260 545 1309 uertrmt
578 1260 706 1306 rro¹erus
739 1250 842 1305 oderice
874 1246 952 1321 (inc.
980 1244 1042 1301 sed.
1068 1241 1113 1320 L)
1145 1245 1332 1321 praemissum

225 1371 303 1411 esse.

308 1458 390 1518 Duos
414 1460 461 1536 qui
476 1461 642 1518 insecuntur
659 1458 778 1517 annales
794 1464 909 1534 poetam
927 1458 954 1513 in
970 1455 1077 1514 beiio
1095 1454 1332 1515 Antiocheno

223 1564 391 1643 inpendisse
413 1581 476 1624 cum
498 1568 692 1644 progrediens
716 1564 850 1641 paulatim
879 1564 1005 1622 increatio
1029 1563 1144 1637 exigat,
1169 1570 1226 1618 turn
1255 1578 1332 1618 com·

223 1671 357 1730 mendant
379 1674 538 1750 praecipue
557 1681 637 1731 certa
659 1670 846 1747 reliquiarum
868 1671 982 1729 iudicia.
1020 1669 1065 1727 Ac
1087 1667 1248 1728 decimus
1272 1668 1332 1743 qui·

222 1776 287 1835 dem
325 1778 460 1835 tertius
494 1776 637 1835 annalis
675 1779 702 1835 iu
737 1776 874 1853 adparatu
905 1775 976 1833 hetti
1006 1784 1139 1833 uersatus
1175 1781 1229 1829 est.
1275 1770 1332 1829 De·

224 1884 357 1959 pinxerat
386 1890 473 1959 poeto
504 1880 712 1958 Romanorum,
741 1892 864 1960 accepta
889 1883 952 1939 eius
981 1879 1051 1939 belii
1078 1882 1170 1955 tama,
1194 1896 1333 1957 pauorem

223 2006 258 2047 ac
277 1988 472 2046 formidinem:
498 2006 580 2064 quam
594 1987 690 2045 Liuius
707 1992 798 2065 tangit
818 1988 927 2047 XXXV
943 1986 997 2045 23:
1020 1996 1141 2045 ueterum
1163 2006 1194 2047 eo
1215 1997 1335 2061 teurpore

223 2101 313 2153 miurus
329 2114 362 2152 ru
385 2098 455 2152 dedo
476 2112 547 2167 qrrrre
568 2098 737 2168 parciantur
755 2116 841 2155 moue
857 2098 986 2171 putrdms
1005 2104 1087 2151 errant
1104 2114 1187 2169 parom
1202 2103 1333 2168 caparto-

224 2206 259 2259 tio
280 2204 400 2287 tetradum
419 2204 509 2273 coepti
528 2218 590 2256 mint
607 2204 739 2257 Antiocho
761 2204 829 2259 ueto.
875 2201 968 2273 Quaem
991 2215 1128 2276 pauorem
1151 2217 1185 2258 ea
1207 2216 1255 2255 res
1276 2215 1334 2256 tna·

225 2307 301 2363 xime
330 2304 463 2378 adauxit,
494 2304 570 2380 quod
594 2304 785 2380 Antiochum,
819 2323 903 2383 quem
923 2304 1143 2382 Heiiespontum
1164 2322 1227 2363 curn
1250 2322 1334 2362 exer-

227 2411 285 2467 citu
314 2412 454 2468 transisse
484 2409 646 2468 rumoribus
676 2410 800 2468 adlatum
826 2420 888 2469 erat
921 2411 1032 2481 (Liuius
1055 2411 1074 2470 l.
1099 2410 1160 2487 t),
1191 2417 1334 2487 tamquam

226 2515 348 2573 aiterum
370 2514 498 2573 Xerxem
527 2515 714 2574 aduenturum
739 2518 983 2577 extimescebam:
1009 2518 1038 2577 id
1061 2517 1138 2596 quod
1163 2513 1268 2574 Florus
1292 2523 1333 2572 te·

226 2628 318 2679 statur
345 2619 375 2697 (Ι
403 2619 442 2679 24
474 2638 502 2697 p.
530 2621 570 2678 43
599 2620 718 2699 Jaiur.):
754 2643 808 2681 uon
837 2630 914 2683 rrlirut
937 2629 1143 2700 formidolosius
1169 2624 1250 2696 forato
1278 2624 1330 2678 bel-

225 2732 279 2785 lum
294 2732 362 2802 sud.-
384 2734 486 2804 quippe
504 2748 564 2785 euru
582 2732 688 2786 Persas
709 2737 735 2786 et
755 2734 894 2803 orientem,
915 2734 1034 2789 ,Verereu
1054 2740 1136 2806 atquc
1150 2731 1268 2785 Iturium
1289 2745 1334 2783 eo-

223 2839 355 2908 pitoreut,
378 2838 488 2908 parando
506 2838 633 2909 perfossi
648 2839 716 2891 inrui
734 2844 851 2903 montes,
886 2840 997 2911 qraeoudo
1019 2840 1088 2893 uelis
1108 2843 1232 2908 opertum
1255 2850 1335 2889 mure

223 2944 413 2997 armtiorciur:
436 2944 475 2997 od
486 2943 539 2997 Arre
561 2944 691 2997 rudentes
712 2945 804 2997 uriuoe
824 2944 995 3007 territabant,
1018 2960 1078 2998 euru
1098 2958 1193 2997 rrroorc
1207 2943 1333 2995 contiuuo

223 3048 363 3105 Carmanos
374 3050 471 3119 Apollo
493 3050 617 3105 arrduret.
658 3045 755 3121 Atque
771 3045 797 3100 ei
813 3045 855 3102 rei
871 3048 1008 3103 conuenit
1029 3044 1112 3103 Ennii
1134 3062 1236 3101 uersus
1258 3050 1334 3118 isque

223 3152 398 3223 Hellesprmto
423 3162 534 3224 potuero
563 3155 700 3209 contendit
726 3156 754 3208 in
781 3155 837 3209 odio
865 3150 922 3227 (lt)
953 3150 1027 3209 iraud
1055 3150 1141 3210 dubie
1170 3148 1225 3207 hac
1245 3166 1332 3207 occa·

225 3257 308 3312 sione
336 3256 440 3313 editus.
486 3253 606 3314 Praeter
628 3258 718 3314 minas
742 3264 837 3314 autem
861 3256 1008 3315 caelestes
1031 3256 1086 3331 (ei.
1109 3254 1204 3313 Liuius
1223 3252 1333 3311 XXXV

226 3358 283 3435 21)
308 3359 383 3435 apud
414 3357 534 3417 Ennium
562 3360 689 3418 tortasse
718 3370 801 3418 uates
834 3362 938 3439 aliquis
968 3362 1171 3439 inpendentem
1200 3379 1218 3418 e
1246 3360 1331 3433 Syria

225 3444 426 3541 tempestatem
450 3465 645 3540 praedixerat.
691 3463 798 3525 Contra
822 3485 907 3545 quem
930 3467 1110 3543 nescioquis
1131 3476 1262 3525 nontam
1283 3484 1331 3524 ua·

224 3579 282 3628 tum
305 3567 522 3641 hariolationes,
547 3585 675 3645 quasue
696 3574 725 3630 in
746 3580 841 3631 aetate
864 3569 979 3647 quidem
999 3572 1112 3647 agenda
1134 3574 1204 3631 satis
1227 3589 1332 3630 uerare

225 3674 364 3751 adpareat
388 3674 450 3751 (l),
480 3692 564 3752 quam
588 3676 680 3753 ipsam
710 3695 804 3735 rerum
829 3677 1023 3735 conditionem
1047 3678 1234 3756 spectandam
1263 3696 1331 3735 esse

225 3781 353 3839 adiirmat
370 3778 452 3858 (tlt).
484 3779 528 3839 Ci.
543 3780 627 3841 Ennii
640 3782 806 3842 Telamonis
822 3783 857 3840 ir.
871 3781 906 3840 ll.
943 3782 1147 3858 Fragmentum
1162 3783 1201 3842 lV
1218 3783 1331 3842 discidii

225 3885 371 3944 cuiusdam
392 3886 565 3944 Antiochum
589 3890 664 3946 inter
695 3897 724 3947 et
745 3888 934 3948 Hannibalem
956 3890 1012 3946 orti
1034 3890 1167 3948 indicium
1190 3892 1329 3948 continet.

224 3988 307 4048 initio
334 3992 449 4068 quidem
478 4001 574 4051 notum
606 4003 650 4052 est
680 3994 853 4053 Antiochum
880 3993 916 4052 ab
950 3994 1109 4053 Hauniiraie
1140 3999 1262 4055 maxime
1293 3996 1328 4055 ad

223 4098 285 4154 cius
312 4097 382 4156 belii
413 4100 558 4175 inceptum
584 4101 758 4161 stirnoiatum
780 4118 858 4158 esse.
905 4098 950 4159 cf.
973 4101 1070 4159 Liuius
1098 4100 1206 4160 XXXV
1234 4102 1271 4161 tu
1302 4112 1331 4161 et

224 4198 257 4259 V.
279 4201 407 4263 Rittcrus
420 4202 541 4283 Epirem.
561 4208 649 4284 antiq.
669 4204 794 4265 Darmst.
816 4224 841 4265 a.
861 4206 941 4267 tato
956 4226 983 4286 p.
998 4206 1060 4267 382
1076 4226 1121 4287 sq.
1173 4206 1229 4281 Qut
1251 4208 1330 4285 quod
