2932 4942
611 406 844 465 ΕΝΝΙΑΝΑΕ
1153 423 1278 471 xxxvu

171 577 338 647 exortoque
356 571 432 630 inter
453 571 559 631 fratres
583 575 751 634 certamine.
773 574 1046 635 VideNiebubrinm
1066 576 1085 636 Ι.
1100 577 1118 637 Ι.
1135 577 1276 658 Schweg·

172 678 265 737 lerum
290 676 310 735 I.
334 677 353 736 l.
377 695 406 755 p.
432 677 503 738 388.

255 781 356 860 ltaque
377 781 517 842 Romulus
537 786 566 843 in
589 785 718 844 Palatino
741 785 842 848 urbem
864 790 972 849 extruit
1000 807 1035 849 ac
1063 807 1144 850 muro
1174 792 1276 870 firmat,

171 891 380 950 transilientem
397 889 518 948 Remum
538 890 691 950 obtruncat
712 892 756 951 bis
779 893 877 952 uerbis
900 893 1018 955 additis:
1052 915 1104 955 nee
1124 901 1175 971 pol
1198 902 1277 958 homo

169 1004 313 1075 qaisquam
333 1000 422 1073 faciet
444 1003 548 1073 inpune
566 1004 705 1057 anintotuc
726 1002 788 1059 Hoc
810 998 943 1080 (LVIII).
993 1001 1039 1061 nd
1061 1010 1174 1080 raptum
1196 1002 1277 1063 Sabi-

172 1122 272 1164 narum
294 1105 342 1182 qui
365 1111 447 1163 certo
471 1103 617 1164 referatur
639 1123 754 1181 uersos,
778 1125 850 1165 unus
871 1115 1027 1185 superest
1050 1106 1146 1186 (LX):
1174 1126 1212 1167 ex
1236 1109 1276 1167 iu·

172 1210 261 1270 certis
279 1209 337 1269 buc
359 1211 486 1288 pertinet
510 1210 636 1271 fortasse
652 1211 678 1269 V
695 1213 771 1271 conl.
794 1210 937 1287 Dionysio
956 1214 1048 1274 Halic.
1075 1214 1173 1292 Antiq.
1193 1213 1277 1274 Rom.

171 1318 197 1377 II
221 1316 261 1377 32
281 1335 310 1395 p.
334 1316 395 1377 303
418 1315 519 1374 Reisk.
541 1308 580 1389 ὡς
603 1314 635 1377 δὲ
657 1312 802 1397 διεβοήθη
817 1308 853 1377 τὰ
883 1317 951 1400 περὶ
975 1311 1031 1400 τὴν
1053 1311 1193 1401 ἆρααγην
1219 1324 1280 1382 τῶν

170 1421 333 1504 παρθένων
351 1419 403 1481 καὶ
422 1410 459 1481 τὰ
480 1419 547 1500 περὶ
563 1414 631 1495 τοὺς
650 1416 764 1501 γάμους
784 1421 825 1494 εἰς
843 1413 895 1495 τὰς
911 1421 1132 1508 πλησιοχώρους
1148 1419 1257 1500 πόλεις.

254 1529 317 1590 1οαί
336 1527 470 1588 Feretrio
493 1538 561 1606 post
582 1547 707 1607 pugnam
730 1526 953 1589 Caeninensium
973 1532 1112 1612 templum
1124 1552 1141 1594 a
1153 1533 1279 1595 Romulo

170 1637 355 1710 aedificatur,
392 1633 619 1692 uetustissimum
646 1633 767 1692 Romae.
824 1633 867 1694 Ea
895 1639 1055 1697 occasione
1085 1639 1170 1699 ludos
1198 1641 1278 1717 illos,

171 1759 246 1819 quos
273 1742 393 1800 Seruius
417 1739 444 1797 in
466 1737 574 1815 Georg.
598 1737 625 1796 ll
648 1737 708 1798 384
733 1737 829 1816 (LXI)
852 1739 997 1818 perhibet,
1018 1745 1165 1805 Institutos
1188 1746 1278 1807 aRo·

172 1847 249 1905 rnulo
266 1845 454 1906 crediderIm:
476 1860 623 1922 pompam,
641 1861 697 1920 qua
713 1844 741 1902 iu
756 1842 857 1903 urbem
872 1846 1082 1923 ingressuum,
1103 1851 1278 1928 explicatius

171 1952 329 2025 Dionysius
345 1948 437 2027 llaIIc.
456 1948 553 2027 Antio.
570 1947 654 2007 llorn,
670 1948 752 2010 1134
770 1968 798 2028 p.
817 1948 878 2009 307
897 1949 998 2012 lleislr.
1018 1965 1126 2031 narrat,
1150 1957 1187 2017 de
1203 1958 1278 2018 ludis

170 2055 250 2114 nihil.
287 2053 351 2113 Nec
372 2055 397 2113 si
420 2056 484 2133 quis
507 2054 544 2115 de
566 2056 692 2114 Statoris
713 2056 823 2134 templo
849 2057 929 2117 malit
944 2059 1092 2136 cogitare,
1117 2081 1175 2140 ego
1191 2065 1279 2124 inter·

171 2163 281 2222 cedam.
324 2159 369 2219 nd
388 2160 470 2237 Ipsos
492 2141 588 2219 autem
610 2160 694 2221 ludos
715 2171 876 2239 praeeunte
895 2160 1025 2240 llbergio
1046 2166 1145 2228 refero
1169 2179 1199 2228 et
1221 2171 1278 2230 hoc

169 2283 184 2322 a
209 2264 315 2322 Seruio
337 2265 366 2323 in
387 2265 460 2325 Aen.
489 2263 530 2325 III
553 2265 614 2327 384
638 2266 666 2326 in
689 2266 836 2344 pedestrIs
858 2269 950 2345 magis
973 2269 1112 2332 orationis
1134 2277 1276 2354 speciem,

169 2388 254 2448 quam
276 2372 304 2429 in
324 2390 426 2431 uersus
447 2390 483 2432 ac
503 2373 587 2432 metri
612 2372 733 2432 formam
755 2383 902 2433 seruatum
924 2374 1132 2450 fragmentum:
1154 2383 1276 2455 confric-

169 2485 241 2553 tiqae
268 2484 326 2538 oleo
348 2484 445 2539 lentati
471 2488 498 2537 et
517 2482 556 2536 od
575 2499 656 2538 arma
675 2486 774 2554 pocati
795 2477 904 2560 (LXII)
928 2489 956 2539 et
978 2485 1126 2556 bellicrepo
1149 2481 1276 2561 (LXIII),

169 2602 254 2661 quarn
278 2602 382 2643 uocem
407 2603 425 2646 a
450 2584 539 2644 Festo
569 2585 660 2663 (uide
684 2584 802 2644 Paulum
833 2602 861 2662 p.
891 2585 931 2645 35
956 2584 1012 2663 tt.)
1044 2604 1081 2645 ex
1105 2585 1199 2647 Ennio
1227 2588 1277 2648 de·

170 2700 331 2770 promptam
354 2710 423 2751 esse
445 2690 479 2751 0.
504 2690 664 2751 IInellerus
688 2692 853 2768 suspicatus
876 2699 932 2750 est.

254 2796 299 2855 De
320 2796 402 2857 bello
421 2797 486 2858 cum
508 2798 579 2876 ipsis
602 2797 716 2858 Sabinis
738 2806 825 2874 gesto
848 2814 906 2855 non
928 2796 1045 2855 multum
1068 2797 1137 2857 licet
1159 2817 1176 2857 e
1200 2798 1277 2875 frag-

169 2912 328 2962 mentorum
356 2905 496 2964 tenuitate
527 2904 690 2981 dispicere:
721 2904 749 2960 in
773 2903 881 2961 initium
903 2901 973 2962 belli
1001 2901 1106 2978 relego
1128 2904 1198 2962 satis
1219 2921 1277 2962 arn·
1351 2963 1354 2967 ,

169 3009 275 3085 biguae
299 3018 330 3067 ut
358 3011 452 3069 seutIo
481 3010 560 3068 sedis
588 3009 778 3081 fragmentum
806 3003 911 3064 LXIV:
945 3006 1081 3064 adiuuant
1112 3008 1278 3083 opInionem

170 3112 290 3171 Ouidius
311 3112 380 3171 liet.
406 3111 475 3171 XIV
498 3114 558 3173 779
588 3117 736 3182 Tatiusque
759 3118 915 3183 patresque
939 3111 1036 3167 Soba'ni
1063 3116 1144 3169 Bello
1168 3124 1277 3188 perant.

169 3224 298 3293 terciaque
318 3225 365 3278 uio
387 3221 509 3292 Tarpeia
527 3220 637 3275 recluso
654 3217 773 3286 Dianam
795 3215 916 3269 animam
933 3231 1027 3286 poeno
1046 3222 1179 3290 compactio
1203 3224 1281 3276 exuit

170 3328 268 3381 armac.
298 3326 369 3382 Inde
386 3328 441 3382 soti
455 3325 571 3381 Curibts
592 3327 737 3380 tacitorum
752 3335 829 3376 nrorc
843 3321 971 3392 luporum
988 3322 1043 3378 Ore
1050 3332 1185 3395 premunt
1198 3342 1280 3383 uoces

170 3440 197 3488 cl
215 3450 369 3504 corporo
384 3435 484 3488 uicto
501 3446 631 3503 sopore
646 3427 845 3484 Incedunt:
860 3431 889 3483 et
902 3422 1060 3499 Dionysms
1072 3425 1164 3487 Halic.
1178 3427 1276 3508 antiq.
1296 3490 1301 3498 ,

172 3533 255 3592 Rom.
279 3532 305 3592 II
326 3534 366 3595 38
389 3552 417 3613 p.
440 3534 501 3595 316
523 3532 624 3593 Retsk.
647 3519 756 3610 μαθῶν
778 3518 886 3608 δὲτὴν
899 3524 1090 3612 παρασκευὴν
1103 3526 1202 3595 αὐτῶν
1218 3528 1277 3595 Τά-

169 3629 264 3712 τνοςὸ
287 3642 347 3699 τῶν
363 3640 504 3719 Σαβίνων
525 3630 662 3720 βασιλεὺς
683 3627 815 3708 νυκτὸς
843 3629 1057 3716 ἀναστήσας
1084 3631 1147 3700 τὸν
1174 3657 1278 3718 στρα-

169 3738 234 3806 τὸν
258 3730 321 3824 ἦγε
347 3735 408 3806 διὰ
432 3750 498 3823 τῆς
519 3740 647 3826 χώρας.
692 3743 836 3802 lucentius
862 3761 1034 3824 quamquam
1056 3762 1113 3804 non
1137 3747 1275 3825 Ineptum,

171 3856 247 3932 quod
272 3854 366 3912 editor
384 3852 543 3932 Lipsiensis
570 3854 628 3913 hoc
647 3869 734 3911 uersu
761 3869 816 3910 rex
836 3855 933 3910 mindo
953 3857 1051 3912 cinctus
1071 3856 1202 3913 Conuollit
1219 3873 1279 3913 sese

171 3962 243 4037 (inc.
267 3959 330 4019 sed.
350 3958 406 4038 VI)
429 3958 582 4019 Romulum
604 3958 752 4034 designari
770 3958 892 4035 putauit,
915 3959 963 4036 qui
986 3957 1086 4018 Iouem
1110 3960 1277 4035 iuprccatus

171 4085 273 4144 magna
296 4066 323 4124 ui
346 4066 374 4124 in
397 4065 498 4124 hostes
520 4065 649 4124 Incurrit.
673 4061 718 4123 ct.
739 4063 836 4122 Liuius
859 4064 896 4124 ab
917 4064 989 4124 urbe
1010 4064 1128 4125 cond.l
1155 4061 1191 4121 12
1206 4067 1277 4121 haec

167 4184 302 4248 precatae
324 4217 331 4230 .
353 4217 361 4231 .
380 4217 386 4230 .
406 4178 552 4231 .restitcre
571 4174 693 4230 Romani
717 4181 858 4246 tamquam
878 4176 1076 4230 coelestianos
1094 4173 1175 4226 iuro.-
1197 4173 1208 4224 i
1212 4186 1278 4242 pce

170 4286 215 4338 od
229 4287 414 4355 primores
434 4284 607 4340 Romulus
622 4284 808 4355 prouolat.
850 4276 898 4337 Fr.
923 4275 1000 4338 LXV
1019 4271 1143 4335 Sabinas
1170 4272 1200 4333 itt
1219 4290 1278 4333 me·
