<?xml version="1.0" encoding="UTF-8"?>
<!DOCTYPE html PUBLIC "-//W3C//DTD XHTML 1.0 Transitional//EN"
    "http://www.w3.org/TR/xhtml1/DTD/xhtml1-transitional.dtd">
<html xmlns="http://www.w3.org/1999/xhtml" xml:lang="en" lang="en">
 <head>
  <title>
</title>
<meta http-equiv="Content-Type" content="text/html;charset=utf-8" />
  <meta name='ocr-system' content='tesseract 3.04.00' />
  <meta name='ocr-capabilities' content='ocr_page ocr_carea ocr_par ocr_line ocrx_word'/>
</head>
<body>
  <div class='ocr_page' id='page_1' title='image "./ennianaepoesisr00ennigoog_0265.png"; bbox 0 0 2932 4942; ppageno 0'>
   <div class='ocr_carea' id='block_1_1' title="bbox 701 378 842 436">
    <p class='ocr_par' dir='ltr' id='par_1_1' title="bbox 701 378 842 436">
     <span class='ocr_line' id='line_1_1' title="bbox 701 378 842 436; baseline -0.021 0"><span class='ocrx_word' id='word_1_1' title='bbox 701 378 842 436; x_wconf 81' lang='lat' dir='ltr'>SCTAE</span> 
     </span>
    </p>
   </div>
   <div class='ocr_carea' id='block_1_2' title="bbox 717 577 835 652">
    <p class='ocr_par' dir='ltr' id='par_1_2' title="bbox 717 577 835 652">
     <span class='ocr_line' id='line_1_2' title="bbox 717 577 835 652; baseline -0.008 -3"><span class='ocrx_word' id='word_1_2' title='bbox 717 577 835 652; x_wconf 86' lang='lat' dir='ltr'>SOTA</span> 
     </span>
    </p>
   </div>
   <div class='ocr_carea' id='block_1_3' title="bbox 770 731 783 801">
    <p class='ocr_par' dir='ltr' id='par_1_3' title="bbox 770 731 783 801">
     <span class='ocr_line' id='line_1_3' title="bbox 770 731 783 801; baseline 0 0"><span class='ocrx_word' id='word_1_3' title='bbox 770 731 783 801; x_wconf 98' lang='lat' dir='ltr'>l</span> 
     </span>
    </p>
   </div>
   <div class='ocr_carea' id='block_1_4' title="bbox 249 817 1053 910">
    <p class='ocr_par' dir='ltr' id='par_1_4' title="bbox 249 817 1053 910">
     <span class='ocr_line' id='line_1_4' title="bbox 249 817 1053 910; baseline -0.014 1"><span class='ocrx_word' id='word_1_4' title='bbox 249 817 252 828; x_wconf 37' lang='lat'>¹</span> <span class='ocrx_word' id='word_1_5' title='bbox 323 842 423 910; x_wconf 83' lang='lat' dir='ltr'>‘Ibant</span> <span class='ocrx_word' id='word_1_6' title='bbox 443 838 560 907; x_wconf 88' lang='lat' dir='ltr'>malaci</span> <span class='ocrx_word' id='word_1_7' title='bbox 580 837 669 905; x_wconf 88' lang='lat' dir='ltr'>uiere</span> <span class='ocrx_word' id='word_1_8' title='bbox 688 834 865 904; x_wconf 77' lang='lat' dir='ltr'>Veneriam</span> <span class='ocrx_word' id='word_1_9' title='bbox 886 832 1053 905; x_wconf 84' lang='lat' dir='ltr'>corollam.</span> 
     </span>
    </p>
   </div>
   <div class='ocr_carea' id='block_1_5' title="bbox 759 949 788 1019">
    <p class='ocr_par' dir='ltr' id='par_1_5' title="bbox 759 949 788 1019">
     <span class='ocr_line' id='line_1_5' title="bbox 759 949 788 1019; baseline 0 0"><span class='ocrx_word' id='word_1_10' title='bbox 759 949 788 1019; x_wconf 90' lang='grc' dir='ltr'>Π</span> 
     </span>
    </p>
   </div>
   <div class='ocr_carea' id='block_1_6' title="bbox 324 1051 1130 1144">
    <p class='ocr_par' dir='ltr' id='par_1_6' title="bbox 324 1051 1130 1144">
     <span class='ocr_line' id='line_1_6' title="bbox 324 1051 1130 1144; baseline -0.01 -16"><span class='ocrx_word' id='word_1_11' title='bbox 324 1107 642 1128; x_wconf 92' lang='grc'><strong>......</strong></span> <span class='ocrx_word' id='word_1_12' title='bbox 696 1052 820 1144; x_wconf 80' lang='lat' dir='ltr'>Cyprio</span> <span class='ocrx_word' id='word_1_13' title='bbox 843 1051 921 1122; x_wconf 91' lang='lat' dir='ltr'>boui</span> <span class='ocrx_word' id='word_1_14' title='bbox 941 1052 1130 1122; x_wconf 78' lang='lat' dir='ltr'>merendam</span> 
     </span>
    </p>
   </div>
   <div class='ocr_carea' id='block_1_7' title="bbox 322 1271 1122 1366">
    <p class='ocr_par' dir='ltr' id='par_1_7' title="bbox 322 1271 1122 1366">
     <span class='ocr_line' id='line_1_7' title="bbox 322 1271 1122 1366; baseline -0.006 -22"><span class='ocrx_word' id='word_1_15' title='bbox 322 1274 430 1344; x_wconf 85' lang='lat' dir='ltr'>&#39;Alius</span> <span class='ocrx_word' id='word_1_16' title='bbox 453 1271 590 1342; x_wconf 85' lang='lat' dir='ltr'>inmari</span> <span class='ocrx_word' id='word_1_17' title='bbox 611 1272 682 1342; x_wconf 88' lang='lat' dir='ltr'>uult</span> <span class='ocrx_word' id='word_1_18' title='bbox 703 1273 826 1366; x_wconf 79' lang='lat' dir='ltr'>magno</span> <span class='ocrx_word' id='word_1_19' title='bbox 847 1275 960 1342; x_wconf 84' lang='lat' dir='ltr'>tenere</span> <span class='ocrx_word' id='word_1_20' title='bbox 982 1271 1122 1341; x_wconf 84' lang='lat' dir='ltr'>lorsam.</span> 
     </span>
    </p>
   </div>
   <div class='ocr_carea' id='block_1_8' title="bbox 220 1470 1339 3073">
    <p class='ocr_par' dir='ltr' id='par_1_8' title="bbox 220 1470 1338 2514">
     <span class='ocr_line' id='line_1_8' title="bbox 221 1470 1337 1541; baseline -0.006 -15"><span class='ocrx_word' id='word_1_21' title='bbox 221 1476 290 1540; x_wconf 90' lang='lat' dir='ltr'>quod</span> <span class='ocrx_word' id='word_1_22' title='bbox 310 1475 345 1524; x_wconf 87' lang='lat' dir='ltr'>ait</span> <span class='ocrx_word' id='word_1_23' title='bbox 366 1474 410 1523; x_wconf 92' lang='lat' dir='ltr'>ille</span> <span class='ocrx_word' id='word_1_24' title='bbox 423 1474 531 1523; x_wconf 88' lang='lat' dir='ltr'>Romani</span> <span class='ocrx_word' id='word_1_25' title='bbox 550 1475 670 1524; x_wconf 86' lang='lat' dir='ltr'>carminis</span> <span class='ocrx_word' id='word_1_26' title='bbox 685 1476 784 1541; x_wconf 89' lang='lat' dir='ltr'>primus</span> <span class='ocrx_word' id='word_1_27' title='bbox 797 1483 897 1535; x_wconf 78' lang='lat' dir='ltr'><strong>auctor,</strong></span> <span class='ocrx_word' id='word_1_28' title='bbox 923 1489 938 1522; x_wconf 88' lang='lat' dir='ltr'>a</span> <span class='ocrx_word' id='word_1_29' title='bbox 957 1473 1027 1522; x_wconf 90' lang='lat' dir='ltr'>sole</span> <span class='ocrx_word' id='word_1_30' title='bbox 1048 1473 1217 1522; x_wconf 76' lang='lat' dir='ltr'>exoriente</span> <span class='ocrx_word' id='word_1_31' title='bbox 1238 1470 1337 1519; x_wconf 93' lang='lat' dir='ltr'>adus-</span> 
     </span>
     <span class='ocr_line' id='line_1_9' title="bbox 222 1540 1335 1610; baseline -0.005 -15"><span class='ocrx_word' id='word_1_32' title='bbox 222 1563 281 1609; x_wconf 87' lang='lat' dir='ltr'>que</span> <span class='ocrx_word' id='word_1_33' title='bbox 303 1545 444 1594; x_wconf 89' lang='lat' dir='ltr'>Maeotis</span> <span class='ocrx_word' id='word_1_34' title='bbox 467 1544 622 1609; x_wconf 87' lang='lat' dir='ltr'>paludes,</span> <span class='ocrx_word' id='word_1_35' title='bbox 647 1545 675 1594; x_wconf 92' lang='lat' dir='ltr'>id</span> <span class='ocrx_word' id='word_1_36' title='bbox 695 1561 762 1595; x_wconf 93' lang='lat' dir='ltr'>nunc</span> <span class='ocrx_word' id='word_1_37' title='bbox 780 1545 882 1610; x_wconf 90' lang='lat' dir='ltr'>longius</span> <span class='ocrx_word' id='word_1_38' title='bbox 905 1542 1058 1608; x_wconf 77' lang='lat' dir='ltr'>longiusque</span> <span class='ocrx_word' id='word_1_39' title='bbox 1080 1542 1231 1608; x_wconf 76' lang='lat' dir='ltr'>protendere</span> <span class='ocrx_word' id='word_1_40' title='bbox 1256 1540 1335 1590; x_wconf 88' lang='lat' dir='ltr'>licet.&#39;</span> 
     </span>
     <span class='ocr_line' id='line_1_10' title="bbox 221 1611 1337 1680; baseline -0.005 -15"><span class='ocrx_word' id='word_1_41' title='bbox 221 1615 319 1665; x_wconf 82' lang='lat' dir='ltr'>Seneca</span> <span class='ocrx_word' id='word_1_42' title='bbox 332 1615 414 1680; x_wconf 85' lang='lat' dir='ltr'>Epist.</span> <span class='ocrx_word' id='word_1_43' title='bbox 427 1613 513 1663; x_wconf 88' lang='lat' dir='ltr'>XVlll</span> <span class='ocrx_word' id='word_1_44' title='bbox 527 1616 542 1663; x_wconf 82' lang='lat'>5</span> <span class='ocrx_word' id='word_1_45' title='bbox 555 1611 644 1678; x_wconf 83' lang='lat'>(108),</span> <span class='ocrx_word' id='word_1_46' title='bbox 660 1615 693 1665; x_wconf 83' lang='lat'>34</span> <span class='ocrx_word' id='word_1_47' title='bbox 713 1614 831 1664; x_wconf 85' lang='lat' dir='ltr'>‘lelieem</span> <span class='ocrx_word' id='word_1_48' title='bbox 852 1612 944 1663; x_wconf 90' lang='lat' dir='ltr'>deinde</span> <span class='ocrx_word' id='word_1_49' title='bbox 966 1629 993 1661; x_wconf 91' lang='lat' dir='ltr'>se</span> <span class='ocrx_word' id='word_1_50' title='bbox 1013 1621 1099 1677; x_wconf 88' lang='lat' dir='ltr'>putat,</span> <span class='ocrx_word' id='word_1_51' title='bbox 1121 1611 1189 1676; x_wconf 93' lang='lat' dir='ltr'>quod</span> <span class='ocrx_word' id='word_1_52' title='bbox 1209 1611 1337 1660; x_wconf 87' lang='lat' dir='ltr'>inuenerit</span> 
     </span>
     <span class='ocr_line' id='line_1_11' title="bbox 221 1680 1336 1748; baseline -0.006 -13"><span class='ocrx_word' id='word_1_53' title='bbox 221 1685 288 1735; x_wconf 88' lang='lat' dir='ltr'>unde</span> <span class='ocrx_word' id='word_1_54' title='bbox 303 1685 387 1733; x_wconf 89' lang='lat' dir='ltr'>uisum</span> <span class='ocrx_word' id='word_1_55' title='bbox 408 1685 442 1733; x_wconf 88' lang='lat' dir='ltr'>sit</span> <span class='ocrx_word' id='word_1_56' title='bbox 455 1684 571 1748; x_wconf 89' lang='lat' dir='ltr'>Vergilio</span> <span class='ocrx_word' id='word_1_57' title='bbox 594 1684 693 1734; x_wconf 85' lang='lat' dir='ltr'>dicere:</span> <span class='ocrx_word' id='word_1_58' title='bbox 715 1700 789 1747; x_wconf 92' lang='lat' dir='ltr'>quem</span> <span class='ocrx_word' id='word_1_59' title='bbox 808 1699 886 1748; x_wconf 90' lang='lat' dir='ltr'>super</span> <span class='ocrx_word' id='word_1_60' title='bbox 902 1685 993 1747; x_wconf 87' lang='lat' dir='ltr'>ingens</span> <span class='ocrx_word' id='word_1_61' title='bbox 1007 1683 1083 1731; x_wconf 87' lang='lat' dir='ltr'>Porta</span> <span class='ocrx_word' id='word_1_62' title='bbox 1099 1690 1169 1731; x_wconf 89' lang='lat' dir='ltr'>tonat</span> <span class='ocrx_word' id='word_1_63' title='bbox 1182 1680 1256 1734; x_wconf 86' lang='lat' dir='ltr'>caeli.</span> <span class='ocrx_word' id='word_1_64' title='bbox 1284 1681 1336 1730; x_wconf 83' lang='lat' dir='ltr'>En-</span> 
     </span>
     <span class='ocr_line' id='line_1_12' title="bbox 220 1746 1336 1819; baseline -0.005 -16"><span class='ocrx_word' id='word_1_65' title='bbox 220 1755 304 1804; x_wconf 88' lang='lat' dir='ltr'>nium&#39;</span> <span class='ocrx_word' id='word_1_66' title='bbox 324 1754 467 1819; x_wconf 84' lang='lat' dir='ltr'>(Ennius</span> <span class='ocrx_word' id='word_1_67' title='bbox 479 1753 596 1818; x_wconf 85' lang='lat' dir='ltr'>plerique</span> <span class='ocrx_word' id='word_1_68' title='bbox 608 1753 677 1802; x_wconf 90' lang='lat' dir='ltr'>libri.</span> <span class='ocrx_word' id='word_1_69' title='bbox 693 1755 822 1804; x_wconf 82' lang='lat' dir='ltr'>Emnius</span> <span class='ocrx_word' id='word_1_70' title='bbox 840 1753 894 1802; x_wconf 87' lang='lat' dir='ltr'>Pal.</span> <span class='ocrx_word' id='word_1_71' title='bbox 914 1753 936 1801; x_wconf 88' lang='lat' dir='ltr'>l.</span> <span class='ocrx_word' id='word_1_72' title='bbox 958 1751 1094 1801; x_wconf 88' lang='lat' dir='ltr'>Cinniue</span> <span class='ocrx_word' id='word_1_73' title='bbox 1113 1751 1167 1801; x_wconf 88' lang='lat' dir='ltr'>Pal.</span> <span class='ocrx_word' id='word_1_74' title='bbox 1184 1751 1200 1800; x_wconf 87' lang='grc'>4</span> <span class='ocrx_word' id='word_1_75' title='bbox 1220 1746 1336 1813; x_wconf 88' lang='lat' dir='ltr'>Gruteri)</span> 
     </span>
     <span class='ocr_line' id='line_1_13' title="bbox 222 1820 1335 1890; baseline -0.004 -16"><span class='ocrx_word' id='word_1_76' title='bbox 222 1825 285 1874; x_wconf 87' lang='lat' dir='ltr'>‘hoc</span> <span class='ocrx_word' id='word_1_77' title='bbox 300 1823 335 1872; x_wconf 90' lang='lat' dir='ltr'>ait</span> <span class='ocrx_word' id='word_1_78' title='bbox 348 1824 457 1872; x_wconf 88' lang='lat' dir='ltr'>Homero</span> <span class='ocrx_word' id='word_1_79' title='bbox 471 1823 646 1887; x_wconf 83' lang='lat' dir='ltr'>subripuisse,</span> <span class='ocrx_word' id='word_1_80' title='bbox 665 1824 748 1873; x_wconf 84' lang='lat' dir='ltr'>Ennio</span> <span class='ocrx_word' id='word_1_81' title='bbox 762 1823 914 1890; x_wconf 79' lang='lat' dir='ltr'>Vergilium.</span> <span class='ocrx_word' id='word_1_82' title='bbox 944 1822 1008 1870; x_wconf 88' lang='lat' dir='ltr'>Esse</span> <span class='ocrx_word' id='word_1_83' title='bbox 1023 1823 1090 1870; x_wconf 92' lang='lat' dir='ltr'>enim</span> <span class='ocrx_word' id='word_1_84' title='bbox 1103 1821 1172 1888; x_wconf 91' lang='lat' dir='ltr'>apud</span> <span class='ocrx_word' id='word_1_85' title='bbox 1187 1820 1335 1870; x_wconf 81' lang='lat' dir='ltr'>Ciceronem</span> 
     </span>
     <span class='ocr_line' id='line_1_14' title="bbox 221 1887 1336 1960; baseline -0.006 -16"><span class='ocrx_word' id='word_1_86' title='bbox 221 1896 248 1944; x_wconf 93' lang='lat' dir='ltr'>in</span> <span class='ocrx_word' id='word_1_87' title='bbox 259 1894 301 1943; x_wconf 87' lang='lat' dir='ltr'>his</span> <span class='ocrx_word' id='word_1_88' title='bbox 315 1894 380 1959; x_wconf 90' lang='lat' dir='ltr'>ipsis</span> <span class='ocrx_word' id='word_1_89' title='bbox 391 1893 423 1942; x_wconf 96' lang='lat' dir='ltr'>de</span> <span class='ocrx_word' id='word_1_90' title='bbox 439 1908 466 1942; x_wconf 90' lang='lat' dir='ltr'>re</span> <span class='ocrx_word' id='word_1_91' title='bbox 480 1892 585 1957; x_wconf 88' lang='lat' dir='ltr'>publica</span> <span class='ocrx_word' id='word_1_92' title='bbox 599 1893 672 1942; x_wconf 89' lang='lat' dir='ltr'>libris</span> <span class='ocrx_word' id='word_1_93' title='bbox 687 1893 737 1942; x_wconf 92' lang='lat' dir='ltr'>hoc</span> <span class='ocrx_word' id='word_1_94' title='bbox 750 1894 909 1960; x_wconf 79' lang='lat' dir='ltr'>epigramma</span> <span class='ocrx_word' id='word_1_95' title='bbox 920 1892 999 1940; x_wconf 81' lang='lat' dir='ltr'>Enni:</span> <span class='ocrx_word' id='word_1_96' title='bbox 1020 1892 1043 1940; x_wconf 91' lang='lat' dir='ltr'>si</span> <span class='ocrx_word' id='word_1_97' title='bbox 1055 1891 1107 1941; x_wconf 85' lang='lat' dir='ltr'>las’</span> <span class='ocrx_word' id='word_1_98' title='bbox 1124 1908 1146 1941; x_wconf 83' lang='lat' dir='ltr'>e.</span> <span class='ocrx_word' id='word_1_99' title='bbox 1162 1907 1187 1953; x_wconf 92' lang='lat' dir='ltr'>q.</span> <span class='ocrx_word' id='word_1_100' title='bbox 1205 1905 1226 1938; x_wconf 92' lang='lat' dir='ltr'>s.</span> <span class='ocrx_word' id='word_1_101' title='bbox 1243 1887 1336 1955; x_wconf 90' lang='lat' dir='ltr'>(epi-</span> 
     </span>
     <span class='ocr_line' id='line_1_15' title="bbox 221 1958 1336 2031; baseline -0.005 -19"><span class='ocrx_word' id='word_1_102' title='bbox 221 1978 363 2031; x_wconf 79' lang='lat' dir='ltr'>gramma</span> <span class='ocrx_word' id='word_1_103' title='bbox 377 1962 400 2011; x_wconf 79' lang='lat' dir='ltr'>e‘.</span> <span class='ocrx_word' id='word_1_104' title='bbox 422 1962 491 2011; x_wconf 89' lang='lat' dir='ltr'>nisi</span> <span class='ocrx_word' id='word_1_105' title='bbox 506 1962 595 2011; x_wconf 88' lang='lat' dir='ltr'>Bamb.</span> <span class='ocrx_word' id='word_1_106' title='bbox 614 1965 814 2028; x_wconf 81' lang='lat' dir='ltr'>epigramma</span> <span class='ocrx_word' id='word_1_107' title='bbox 829 1970 891 2012; x_wconf 87' lang='lat' dir='ltr'>est:</span> <span class='ocrx_word' id='word_1_108' title='bbox 911 1961 974 2009; x_wconf 90' lang='lat' dir='ltr'>nisi</span> <span class='ocrx_word' id='word_1_109' title='bbox 994 1961 1079 2010; x_wconf 84' lang='lat' dir='ltr'>Guell.</span> <span class='ocrx_word' id='word_1_110' title='bbox 1093 1961 1147 2011; x_wconf 88' lang='lat' dir='ltr'>Pal.</span> <span class='ocrx_word' id='word_1_111' title='bbox 1165 1958 1202 2024; x_wconf 75' lang='lat' dir='ltr'>d)</span> <span class='ocrx_word' id='word_1_112' title='bbox 1226 1959 1336 2008; x_wconf 90' lang='lat' dir='ltr'>Lactan-</span> 
     </span>
     <span class='ocr_line' id='line_1_16' title="bbox 221 2030 1337 2096; baseline -0.004 -14"><span class='ocrx_word' id='word_1_113' title='bbox 221 2031 336 2083; x_wconf 89' lang='lat' dir='ltr'>tiusDiu.</span> <span class='ocrx_word' id='word_1_114' title='bbox 346 2034 406 2082; x_wconf 89' lang='lat' dir='ltr'>Inst.</span> <span class='ocrx_word' id='word_1_115' title='bbox 418 2033 429 2080; x_wconf 93' lang='grc' dir='ltr'>Ι</span> <span class='ocrx_word' id='word_1_116' title='bbox 439 2049 461 2085; x_wconf 90' lang='lat' dir='ltr'>c.</span> <span class='ocrx_word' id='word_1_117' title='bbox 469 2031 502 2082; x_wconf 84' lang='lat'>18</span> <span class='ocrx_word' id='word_1_118' title='bbox 518 2033 556 2080; x_wconf 91' lang='lat' dir='ltr'>‘si</span> <span class='ocrx_word' id='word_1_119' title='bbox 570 2033 627 2094; x_wconf 89' lang='lat' dir='ltr'>quis</span> <span class='ocrx_word' id='word_1_120' title='bbox 639 2048 718 2082; x_wconf 90' lang='lat' dir='ltr'>unum</span> <span class='ocrx_word' id='word_1_121' title='bbox 732 2033 861 2083; x_wconf 91' lang='lat' dir='ltr'>hominem</span> <span class='ocrx_word' id='word_1_122' title='bbox 877 2030 1040 2096; x_wconf 89' lang='lat' dir='ltr'>iugulauerit‚</span> <span class='ocrx_word' id='word_1_123' title='bbox 1057 2046 1104 2095; x_wconf 88' lang='lat' dir='ltr'>pro</span> <span class='ocrx_word' id='word_1_124' title='bbox 1120 2030 1289 2079; x_wconf 88' lang='lat' dir='ltr'>contaminato</span> <span class='ocrx_word' id='word_1_125' title='bbox 1306 2043 1337 2077; x_wconf 90' lang='lat' dir='ltr'>ae</span> 
     </span>
     <span class='ocr_line' id='line_1_17' title="bbox 221 2099 1262 2165; baseline -0.005 -13"><span class='ocrx_word' id='word_1_126' title='bbox 221 2102 321 2152; x_wconf 82' lang='lat' dir='ltr'>nefario</span> <span class='ocrx_word' id='word_1_127' title='bbox 340 2101 448 2151; x_wconf 89' lang='lat' dir='ltr'>habetur</span> <span class='ocrx_word' id='word_1_128' title='bbox 535 2102 579 2151; x_wconf 94' lang='lat' dir='ltr'>ille</span> <span class='ocrx_word' id='word_1_129' title='bbox 595 2110 679 2152; x_wconf 87' lang='lat' dir='ltr'>autem</span> <span class='ocrx_word' id='word_1_130' title='bbox 693 2104 737 2165; x_wconf 89' lang='lat' dir='ltr'>qui</span> <span class='ocrx_word' id='word_1_131' title='bbox 755 2102 854 2152; x_wconf 83' lang='lat' dir='ltr'>infinita</span> <span class='ocrx_word' id='word_1_132' title='bbox 867 2100 999 2150; x_wconf 90' lang='lat' dir='ltr'>hominum</span> <span class='ocrx_word' id='word_1_133' title='bbox 1011 2100 1084 2149; x_wconf 89' lang='lat' dir='ltr'>milia</span> <span class='ocrx_word' id='word_1_134' title='bbox 1098 2099 1262 2149; x_wconf 89' lang='lat' dir='ltr'>trucidauerit</span> 
     </span>
     <span class='ocr_line' id='line_1_18' title="bbox 222 2167 1338 2236; baseline -0.006 -15"><span class='ocrx_word' id='word_1_135' title='bbox 222 2187 273 2223; x_wconf 89' lang='lat' dir='ltr'>nou</span> <span class='ocrx_word' id='word_1_136' title='bbox 291 2172 367 2220; x_wconf 94' lang='lat' dir='ltr'>modo</span> <span class='ocrx_word' id='word_1_137' title='bbox 386 2172 413 2220; x_wconf 90' lang='lat' dir='ltr'>in</span> <span class='ocrx_word' id='word_1_138' title='bbox 432 2171 555 2236; x_wconf 90' lang='lat' dir='ltr'>templum</span> <span class='ocrx_word' id='word_1_139' title='bbox 575 2171 719 2233; x_wconf 82' lang='lat' dir='ltr'>sedetiam</span> <span class='ocrx_word' id='word_1_140' title='bbox 740 2172 766 2221; x_wconf 93' lang='lat' dir='ltr'>in</span> <span class='ocrx_word' id='word_1_141' title='bbox 784 2171 883 2221; x_wconf 88' lang='lat' dir='ltr'>caelum</span> <span class='ocrx_word' id='word_1_142' title='bbox 903 2169 1052 2219; x_wconf 76' lang='lat' dir='ltr'>admittitur.</span> <span class='ocrx_word' id='word_1_143' title='bbox 1080 2169 1158 2235; x_wconf 80' lang='lat' dir='ltr'>Apud</span> <span class='ocrx_word' id='word_1_144' title='bbox 1170 2170 1279 2218; x_wconf 85' lang='lat' dir='ltr'>Ennium</span> <span class='ocrx_word' id='word_1_145' title='bbox 1298 2167 1338 2215; x_wconf 92' lang='lat' dir='ltr'>sic</span> 
     </span>
     <span class='ocr_line' id='line_1_19' title="bbox 222 2237 1337 2306; baseline -0.004 -15"><span class='ocrx_word' id='word_1_146' title='bbox 222 2242 334 2304; x_wconf 90' lang='lat' dir='ltr'>loquitur</span> <span class='ocrx_word' id='word_1_147' title='bbox 349 2240 499 2289; x_wconf 79' lang='lat' dir='ltr'>Africanus:</span> <span class='ocrx_word' id='word_1_148' title='bbox 521 2239 556 2305; x_wconf 80' lang='grc'>[9.</span> <span class='ocrx_word' id='word_1_149' title='bbox 575 2239 635 2304; x_wconf 90' lang='grc'>10];</span> <span class='ocrx_word' id='word_1_150' title='bbox 663 2242 761 2290; x_wconf 90' lang='lat' dir='ltr'>scilicet</span> <span class='ocrx_word' id='word_1_151' title='bbox 779 2241 839 2303; x_wconf 90' lang='lat' dir='ltr'>quia</span> <span class='ocrx_word' id='word_1_152' title='bbox 857 2255 976 2304; x_wconf 88' lang='lat' dir='ltr'>magnam</span> <span class='ocrx_word' id='word_1_153' title='bbox 991 2248 1090 2304; x_wconf 90' lang='lat' dir='ltr'>partem</span> <span class='ocrx_word' id='word_1_154' title='bbox 1107 2239 1210 2306; x_wconf 87' lang='lat' dir='ltr'>generis</span> <span class='ocrx_word' id='word_1_155' title='bbox 1229 2237 1337 2287; x_wconf 89' lang='lat' dir='ltr'>humaui</span> 
     </span>
     <span class='ocr_line' id='line_1_20' title="bbox 222 2306 1336 2374; baseline -0.005 -15"><span class='ocrx_word' id='word_1_156' title='bbox 222 2311 333 2360; x_wconf 85' lang='lat' dir='ltr'>extinxit</span> <span class='ocrx_word' id='word_1_157' title='bbox 350 2325 380 2358; x_wconf 93' lang='lat' dir='ltr'>ac</span> <span class='ocrx_word' id='word_1_158' title='bbox 392 2309 514 2374; x_wconf 91' lang='lat' dir='ltr'>perdidit.</span> <span class='ocrx_word' id='word_1_159' title='bbox 546 2308 681 2372; x_wconf 82' lang='lat' dir='ltr'>Cquantis</span> <span class='ocrx_word' id='word_1_160' title='bbox 695 2312 721 2360; x_wconf 92' lang='lat' dir='ltr'>in</span> <span class='ocrx_word' id='word_1_161' title='bbox 734 2311 845 2361; x_wconf 87' lang='lat' dir='ltr'>tenebris</span> <span class='ocrx_word' id='word_1_162' title='bbox 856 2309 1105 2358; x_wconf 78' lang='lat' dir='ltr'>Africaneuersatus</span> <span class='ocrx_word' id='word_1_163' title='bbox 1119 2309 1160 2358; x_wconf 89' lang='lat' dir='ltr'>es!</span> <span class='ocrx_word' id='word_1_164' title='bbox 1185 2306 1225 2358; x_wconf 90' lang='lat' dir='ltr'>uel</span> <span class='ocrx_word' id='word_1_165' title='bbox 1239 2307 1336 2372; x_wconf 85' lang='lat' dir='ltr'>potius,</span> 
     </span>
     <span class='ocr_line' id='line_1_21' title="bbox 223 2378 1337 2445; baseline -0.005 -15"><span class='ocrx_word' id='word_1_166' title='bbox 223 2395 237 2430; x_wconf 97' lang='lat' dir='ltr'>o</span> <span class='ocrx_word' id='word_1_167' title='bbox 254 2382 345 2445; x_wconf 74' lang='lat' dir='ltr'>poeta,</span> <span class='ocrx_word' id='word_1_168' title='bbox 366 2380 409 2440; x_wconf 92' lang='lat' dir='ltr'>qui</span> <span class='ocrx_word' id='word_1_169' title='bbox 422 2393 469 2443; x_wconf 92' lang='lat' dir='ltr'>per</span> <span class='ocrx_word' id='word_1_170' title='bbox 481 2378 572 2427; x_wconf 88' lang='lat' dir='ltr'>caedes</span> <span class='ocrx_word' id='word_1_171' title='bbox 586 2387 611 2428; x_wconf 94' lang='lat' dir='ltr'>et</span> <span class='ocrx_word' id='word_1_172' title='bbox 625 2382 775 2445; x_wconf 88' lang='lat' dir='ltr'>sanguinem</span> <span class='ocrx_word' id='word_1_173' title='bbox 790 2386 877 2444; x_wconf 89' lang='lat' dir='ltr'>patere</span> <span class='ocrx_word' id='word_1_174' title='bbox 890 2378 1037 2429; x_wconf 84' lang='lat' dir='ltr'>hominibus</span> <span class='ocrx_word' id='word_1_175' title='bbox 1051 2380 1077 2428; x_wconf 92' lang='lat' dir='ltr'>in</span> <span class='ocrx_word' id='word_1_176' title='bbox 1090 2379 1187 2429; x_wconf 87' lang='lat' dir='ltr'>caelum</span> <span class='ocrx_word' id='word_1_177' title='bbox 1201 2391 1337 2427; x_wconf 90' lang='lat' dir='ltr'>ascensum</span> 
     </span>
     <span class='ocr_line' id='line_1_22' title="bbox 221 2447 1057 2514; baseline 0.002 -17"><span class='ocrx_word' id='word_1_178' title='bbox 221 2449 372 2514; x_wconf 89' lang='lat' dir='ltr'>putauerie.’</span> <span class='ocrx_word' id='word_1_179' title='bbox 415 2447 553 2497; x_wconf 86' lang='lat' dir='ltr'>Coniuuxit</span> <span class='ocrx_word' id='word_1_180' title='bbox 576 2448 687 2498; x_wconf 92' lang='lat' dir='ltr'>disticha</span> <span class='ocrx_word' id='word_1_181' title='bbox 711 2449 827 2514; x_wconf 89' lang='lat' dir='ltr'>Scaliger</span> <span class='ocrx_word' id='word_1_182' title='bbox 852 2449 931 2498; x_wconf 90' lang='lat' dir='ltr'>Catal.</span> <span class='ocrx_word' id='word_1_183' title='bbox 956 2463 983 2514; x_wconf 93' lang='lat' dir='ltr'>p.</span> <span class='ocrx_word' id='word_1_184' title='bbox 1009 2449 1057 2499; x_wconf 76' lang='lat'>187</span> 
     </span>
    </p>

    <p class='ocr_par' dir='ltr' id='par_1_9' title="bbox 222 2513 1339 3073">
     <span class='ocr_line' id='line_1_23' title="bbox 257 2513 1338 2584; baseline -0.006 -17"><span class='ocrx_word' id='word_1_185' title='bbox 257 2518 333 2568; x_wconf 76' lang='lat' dir='ltr'>Sors</span> <span class='ocrx_word' id='word_1_186' title='bbox 373 2518 383 2566; x_wconf 96' lang='grc' dir='ltr'>Ι</span> <span class='ocrx_word' id='word_1_187' title='bbox 402 2518 483 2566; x_wconf 90' lang='lat' dir='ltr'>Varro</span> <span class='ocrx_word' id='word_1_188' title='bbox 498 2517 530 2567; x_wconf 91' lang='lat' dir='ltr'>de</span> <span class='ocrx_word' id='word_1_189' title='bbox 543 2517 572 2567; x_wconf 90' lang='lat' dir='ltr'>L.</span> <span class='ocrx_word' id='word_1_190' title='bbox 586 2518 616 2567; x_wconf 91' lang='lat' dir='ltr'>L.</span> <span class='ocrx_word' id='word_1_191' title='bbox 634 2519 658 2566; x_wconf 92' lang='lat' dir='ltr'>V</span> <span class='ocrx_word' id='word_1_192' title='bbox 671 2517 706 2569; x_wconf 81' lang='grc'>62</span> <span class='ocrx_word' id='word_1_193' title='bbox 719 2519 753 2568; x_wconf 92' lang='grc' dir='ltr'>Μ.</span> <span class='ocrx_word' id='word_1_194' title='bbox 773 2519 848 2584; x_wconf 86' lang='lat' dir='ltr'>‘ipsa</span> <span class='ocrx_word' id='word_1_195' title='bbox 866 2533 881 2568; x_wconf 88' lang='lat' dir='ltr'>a</span> <span class='ocrx_word' id='word_1_196' title='bbox 900 2519 1018 2568; x_wconf 86' lang='lat' dir='ltr'>uinctura</span> <span class='ocrx_word' id='word_1_197' title='bbox 1036 2517 1129 2567; x_wconf 90' lang='lat' dir='ltr'>dicitur</span> <span class='ocrx_word' id='word_1_198' title='bbox 1147 2515 1232 2564; x_wconf 90' lang='lat' dir='ltr'>uieri</span> <span class='ocrx_word' id='word_1_199' title='bbox 1251 2513 1279 2563; x_wconf 93' lang='lat' dir='ltr'>id</span> <span class='ocrx_word' id='word_1_200' title='bbox 1297 2520 1338 2562; x_wconf 86' lang='lat' dir='ltr'>est</span> 
     </span>
     <span class='ocr_line' id='line_1_24' title="bbox 222 2586 1337 2653; baseline -0.006 -15"><span class='ocrx_word' id='word_1_201' title='bbox 222 2588 329 2648; x_wconf 90' lang='lat' dir='ltr'>uinciri,</span> <span class='ocrx_word' id='word_1_202' title='bbox 348 2602 365 2635; x_wconf 89' lang='lat' dir='ltr'>a</span> <span class='ocrx_word' id='word_1_203' title='bbox 383 2601 432 2649; x_wconf 91' lang='lat' dir='ltr'>quo</span> <span class='ocrx_word' id='word_1_204' title='bbox 452 2594 490 2636; x_wconf 90' lang='lat' dir='ltr'>est</span> <span class='ocrx_word' id='word_1_205' title='bbox 503 2587 529 2635; x_wconf 92' lang='lat' dir='ltr'>in</span> <span class='ocrx_word' id='word_1_206' title='bbox 544 2586 606 2636; x_wconf 89' lang='lat' dir='ltr'>Sota</span> <span class='ocrx_word' id='word_1_207' title='bbox 619 2588 685 2636; x_wconf 87' lang='lat' dir='ltr'>Enni</span> <span class='ocrx_word' id='word_1_208' title='bbox 705 2589 756 2637; x_wconf 84' lang='lat'>...&#39;</span> <span class='ocrx_word' id='word_1_209' title='bbox 780 2586 831 2653; x_wconf 85' lang='lat' dir='ltr'>(in</span> <span class='ocrx_word' id='word_1_210' title='bbox 850 2595 920 2637; x_wconf 88' lang='lat' dir='ltr'>sota</span> <span class='ocrx_word' id='word_1_211' title='bbox 940 2587 1000 2636; x_wconf 88' lang='lat' dir='ltr'>libri</span> <span class='ocrx_word' id='word_1_212' title='bbox 1020 2603 1077 2636; x_wconf 92' lang='lat' dir='ltr'>cum</span> <span class='ocrx_word' id='word_1_213' title='bbox 1095 2587 1162 2636; x_wconf 87' lang='lat' dir='ltr'>Flor.</span> <span class='ocrx_word' id='word_1_214' title='bbox 1184 2586 1216 2634; x_wconf 91' lang='lat' dir='ltr'>in</span> <span class='ocrx_word' id='word_1_215' title='bbox 1232 2586 1337 2633; x_wconf 83' lang='lat' dir='ltr'>Asoto</span> 
     </span>
     <span class='ocr_line' id='line_1_25' title="bbox 223 2653 1339 2722; baseline -0.004 -16"><span class='ocrx_word' id='word_1_216' title='bbox 223 2657 326 2707; x_wconf 83' lang='lat' dir='ltr'>Aldina.</span> <span class='ocrx_word' id='word_1_217' title='bbox 349 2657 380 2705; x_wconf 91' lang='lat' dir='ltr'>in</span> <span class='ocrx_word' id='word_1_218' title='bbox 395 2655 551 2705; x_wconf 90' lang='lat' dir='ltr'>Sotadico</span> <span class='ocrx_word' id='word_1_219' title='bbox 571 2655 700 2722; x_wconf 87' lang='lat' dir='ltr'>Scaliger)</span> <span class='ocrx_word' id='word_1_220' title='bbox 741 2658 831 2708; x_wconf 89' lang='lat' dir='ltr'>Festus</span> <span class='ocrx_word' id='word_1_221' title='bbox 846 2673 872 2722; x_wconf 85' lang='lat' dir='ltr'>p.</span> <span class='ocrx_word' id='word_1_222' title='bbox 887 2655 938 2708; x_wconf 79' lang='lat'>375</span> <span class='ocrx_word' id='word_1_223' title='bbox 952 2658 985 2707; x_wconf 90' lang='grc' dir='ltr'>Μ.</span> <span class='ocrx_word' id='word_1_224' title='bbox 1008 2657 1112 2706; x_wconf 90' lang='lat' dir='ltr'>‘uiere</span> <span class='ocrx_word' id='word_1_225' title='bbox 1130 2655 1237 2720; x_wconf 87' lang='lat' dir='ltr'>alligare</span> <span class='ocrx_word' id='word_1_226' title='bbox 1254 2653 1339 2718; x_wconf 87' lang='lat' dir='ltr'>signi-</span> 
     </span>
     <span class='ocr_line' id='line_1_26' title="bbox 223 2721 1339 2790; baseline -0.005 -14"><span class='ocrx_word' id='word_1_227' title='bbox 223 2727 294 2786; x_wconf 84' lang='lat' dir='ltr'>ficat,</span> <span class='ocrx_word' id='word_1_228' title='bbox 317 2733 345 2774; x_wconf 90' lang='lat' dir='ltr'>ut</span> <span class='ocrx_word' id='word_1_229' title='bbox 362 2725 405 2775; x_wconf 91' lang='lat' dir='ltr'>hic</span> <span class='ocrx_word' id='word_1_230' title='bbox 423 2740 513 2775; x_wconf 88' lang='lat' dir='ltr'>uersus</span> <span class='ocrx_word' id='word_1_231' title='bbox 534 2727 703 2777; x_wconf 86' lang='lat' dir='ltr'>demonstrat:</span> <span class='ocrx_word' id='word_1_232' title='bbox 729 2727 812 2776; x_wconf 78' lang='lat' dir='ltr'>ibent&#39;</span> <span class='ocrx_word' id='word_1_233' title='bbox 832 2743 854 2776; x_wconf 89' lang='lat' dir='ltr'>e.</span> <span class='ocrx_word' id='word_1_234' title='bbox 875 2743 899 2789; x_wconf 94' lang='lat' dir='ltr'>q.</span> <span class='ocrx_word' id='word_1_235' title='bbox 919 2741 941 2775; x_wconf 88' lang='lat' dir='ltr'>s.</span> <span class='ocrx_word' id='word_1_236' title='bbox 970 2728 1124 2778; x_wconf 86' lang='lat' dir='ltr'>Censorinus</span> <span class='ocrx_word' id='word_1_237' title='bbox 1143 2724 1235 2790; x_wconf 81' lang='lat' dir='ltr'>fragm.</span> <span class='ocrx_word' id='word_1_238' title='bbox 1258 2739 1280 2771; x_wconf 92' lang='lat' dir='ltr'>c.</span> <span class='ocrx_word' id='word_1_239' title='bbox 1304 2721 1339 2770; x_wconf 85' lang='lat'>14</span> 
     </span>
     <span class='ocr_line' id='line_1_27' title="bbox 223 2790 1335 2862; baseline -0.006 -15"><span class='ocrx_word' id='word_1_240' title='bbox 223 2813 249 2862; x_wconf 90' lang='lat' dir='ltr'>p.</span> <span class='ocrx_word' id='word_1_241' title='bbox 267 2795 301 2847; x_wconf 82' lang='lat'>95</span> <span class='ocrx_word' id='word_1_242' title='bbox 313 2795 389 2845; x_wconf 85' lang='lat' dir='ltr'>Jahn.</span> <span class='ocrx_word' id='word_1_243' title='bbox 409 2796 523 2845; x_wconf 87' lang='lat' dir='ltr'>‘ionicus</span> <span class='ocrx_word' id='word_1_244' title='bbox 535 2797 709 2862; x_wconf 84' lang='lat' dir='ltr'>septenarius:</span> <span class='ocrx_word' id='word_1_245' title='bbox 725 2798 806 2846; x_wconf 92' lang='lat' dir='ltr'>ibant¹</span> <span class='ocrx_word' id='word_1_246' title='bbox 827 2813 849 2846; x_wconf 91' lang='lat' dir='ltr'>e.</span> <span class='ocrx_word' id='word_1_247' title='bbox 865 2812 890 2860; x_wconf 91' lang='lat' dir='ltr'>q.</span> <span class='ocrx_word' id='word_1_248' title='bbox 907 2812 928 2844; x_wconf 92' lang='lat' dir='ltr'>s.</span> <span class='ocrx_word' id='word_1_249' title='bbox 1001 2797 1025 2845; x_wconf 91' lang='lat' dir='ltr'>ll</span> <span class='ocrx_word' id='word_1_250' title='bbox 1043 2797 1136 2845; x_wconf 89' lang='lat' dir='ltr'>Paulus</span> <span class='ocrx_word' id='word_1_251' title='bbox 1146 2795 1215 2844; x_wconf 85' lang='lat' dir='ltr'>Festi</span> <span class='ocrx_word' id='word_1_252' title='bbox 1225 2790 1335 2858; x_wconf 65' lang='lat' dir='ltr'>potire.</span> 
     </span>
     <span class='ocr_line' id='line_1_28' title="bbox 224 2857 1338 2930; baseline -0.007 -13"><span class='ocrx_word' id='word_1_253' title='bbox 224 2866 359 2930; x_wconf 82' lang='lat' dir='ltr'>‘Cyprio</span> <span class='ocrx_word' id='word_1_254' title='bbox 378 2865 454 2914; x_wconf 88' lang='lat' dir='ltr'>boui</span> <span class='ocrx_word' id='word_1_255' title='bbox 474 2866 656 2915; x_wconf 89' lang='lat' dir='ltr'>merendam</span> <span class='ocrx_word' id='word_1_256' title='bbox 670 2867 767 2916; x_wconf 83' lang='lat' dir='ltr'>Ennius</span> <span class='ocrx_word' id='word_1_257' title='bbox 783 2857 938 2916; x_wconf 83' lang='lat' dir='ltr'>Sotadieo</span> <span class='ocrx_word' id='word_1_258' title='bbox 954 2881 1055 2914; x_wconf 90' lang='lat' dir='ltr'>uersu</span> <span class='ocrx_word' id='word_1_259' title='bbox 1079 2881 1136 2915; x_wconf 91' lang='lat' dir='ltr'>eum</span> <span class='ocrx_word' id='word_1_260' title='bbox 1152 2864 1231 2924; x_wconf 84' lang='lat' dir='ltr'>dixit,</span> <span class='ocrx_word' id='word_1_261' title='bbox 1254 2862 1338 2927; x_wconf 90' lang='lat' dir='ltr'>sigui—</span> 
     </span>
     <span class='ocr_line' id='line_1_29' title="bbox 222 2934 1339 3002; baseline -0.006 -16"><span class='ocrx_word' id='word_1_262' title='bbox 222 2936 309 2986; x_wconf 85' lang='lat' dir='ltr'>iieauit</span> <span class='ocrx_word' id='word_1_263' title='bbox 331 2935 359 2985; x_wconf 93' lang='lat' dir='ltr'>id</span> <span class='ocrx_word' id='word_1_264' title='bbox 374 2935 443 2998; x_wconf 94' lang='lat' dir='ltr'>quod</span> <span class='ocrx_word' id='word_1_265' title='bbox 464 2934 529 2985; x_wconf 90' lang='lat' dir='ltr'>solet</span> <span class='ocrx_word' id='word_1_266' title='bbox 543 2934 599 2985; x_wconf 86' lang='lat' dir='ltr'>fleri</span> <span class='ocrx_word' id='word_1_267' title='bbox 618 2937 644 2985; x_wconf 92' lang='lat' dir='ltr'>in</span> <span class='ocrx_word' id='word_1_268' title='bbox 663 2936 748 2986; x_wconf 87' lang='lat' dir='ltr'>insula</span> <span class='ocrx_word' id='word_1_269' title='bbox 760 2937 859 3002; x_wconf 73' lang='lat' dir='ltr'>Cypro,</span> <span class='ocrx_word' id='word_1_270' title='bbox 886 2936 911 2984; x_wconf 93' lang='lat' dir='ltr'>in</span> <span class='ocrx_word' id='word_1_271' title='bbox 931 2951 980 2999; x_wconf 91' lang='lat' dir='ltr'>qua</span> <span class='ocrx_word' id='word_1_272' title='bbox 998 2936 1079 2986; x_wconf 87' lang='lat' dir='ltr'>boues</span> <span class='ocrx_word' id='word_1_273' title='bbox 1093 2936 1205 2985; x_wconf 90' lang='lat' dir='ltr'>humano</span> <span class='ocrx_word' id='word_1_274' title='bbox 1225 2941 1339 2982; x_wconf 86' lang='lat' dir='ltr'>stercore</span> 
     </span>
     <span class='ocr_line' id='line_1_30' title="bbox 223 3003 1337 3073; baseline -0.005 -17"><span class='ocrx_word' id='word_1_275' title='bbox 223 3006 379 3073; x_wconf 76' lang='lat' dir='ltr'>pascuntur.¹</span> <span class='ocrx_word' id='word_1_276' title='bbox 450 3007 485 3054; x_wconf 92' lang='lat' dir='ltr'>lIl</span> <span class='ocrx_word' id='word_1_277' title='bbox 508 3005 598 3056; x_wconf 88' lang='lat' dir='ltr'>Festus</span> <span class='ocrx_word' id='word_1_278' title='bbox 619 3021 646 3071; x_wconf 88' lang='lat' dir='ltr'>p.</span> <span class='ocrx_word' id='word_1_279' title='bbox 667 3006 718 3058; x_wconf 76' lang='lat'>356</span> <span class='ocrx_word' id='word_1_280' title='bbox 740 3007 774 3056; x_wconf 89' lang='lat' dir='ltr'>M.</span> <span class='ocrx_word' id='word_1_281' title='bbox 803 3009 942 3054; x_wconf 86' lang='lat' dir='ltr'>‘tonsam</span> <span class='ocrx_word' id='word_1_282' title='bbox 961 3006 1057 3055; x_wconf 86' lang='lat' dir='ltr'>Ennius</span> <span class='ocrx_word' id='word_1_283' title='bbox 1079 3003 1206 3071; x_wconf 85' lang='lat' dir='ltr'>significat</span> <span class='ocrx_word' id='word_1_284' title='bbox 1228 3016 1337 3060; x_wconf 85' lang='lat' dir='ltr'>remum,</span> 
     </span>
    </p>
   </div>
   <div class='ocr_carea' id='block_1_9' title="bbox 219 3179 1364 4361">
    <p class='ocr_par' dir='ltr' id='par_1_10' title="bbox 222 3179 1341 4016">
     <span class='ocr_line' id='line_1_31' title="bbox 223 3179 1336 3252; baseline 0 -17"><span class='ocrx_word' id='word_1_285' title='bbox 223 3180 300 3252; x_wconf 71' lang='lat' dir='ltr'>anr.</span> <span class='ocrx_word' id='word_1_286' title='bbox 317 3179 378 3234; x_wconf 89' lang='lat' dir='ltr'>Pal.</span> <span class='ocrx_word' id='word_1_287' title='bbox 403 3179 471 3235; x_wconf 84' lang='lat' dir='ltr'>Vltr.</span> <span class='ocrx_word' id='word_1_288' title='bbox 487 3181 563 3249; x_wconf 86' lang='lat' dir='ltr'>(item</span> <span class='ocrx_word' id='word_1_289' title='bbox 576 3179 706 3237; x_wconf 78' lang='lat' dir='ltr'>Pithoeus</span> <span class='ocrx_word' id='word_1_290' title='bbox 719 3181 792 3236; x_wconf 78' lang='lat' dir='ltr'>Ado.</span> <span class='ocrx_word' id='word_1_291' title='bbox 810 3180 830 3237; x_wconf 93' lang='lat' dir='ltr'><em>I</em></span> <span class='ocrx_word' id='word_1_292' title='bbox 847 3184 892 3247; x_wconf 88' lang='grc'>11)</span> <span class='ocrx_word' id='word_1_293' title='bbox 909 3187 935 3235; x_wconf 90' lang='lat' dir='ltr'>et</span> <span class='ocrx_word' id='word_1_294' title='bbox 947 3183 1002 3236; x_wconf 83' lang='lat' dir='ltr'>nisi</span> <span class='ocrx_word' id='word_1_295' title='bbox 1013 3181 1087 3252; x_wconf 86' lang='lat' dir='ltr'>qnod</span> <span class='ocrx_word' id='word_1_296' title='bbox 1100 3181 1263 3236; x_wconf 86' lang='lat' dir='ltr'>coelestium</span> <span class='ocrx_word' id='word_1_297' title='bbox 1279 3179 1336 3234; x_wconf 86' lang='lat' dir='ltr'>Re-</span> 
     </span>
     <span class='ocr_line' id='line_1_32' title="bbox 222 3264 1337 3339; baseline -0.001 -18"><span class='ocrx_word' id='word_1_298' title='bbox 222 3264 411 3339; x_wconf 77' lang='lat' dir='ltr'>pio-Putean.</span> <span class='ocrx_word' id='word_1_299' title='bbox 425 3264 570 3319; x_wconf 71' lang='lat' dir='ltr'>lactantii.</span> <span class='ocrx_word' id='word_1_300' title='bbox 589 3266 643 3320; x_wconf 89' lang='lat' dir='ltr'>nisi</span> <span class='ocrx_word' id='word_1_301' title='bbox 659 3267 701 3321; x_wconf 87' lang='lat' dir='ltr'>las</span> <span class='ocrx_word' id='word_1_302' title='bbox 717 3265 789 3321; x_wconf 87' lang='lat' dir='ltr'>endo</span> <span class='ocrx_word' id='word_1_303' title='bbox 804 3267 905 3338; x_wconf 85' lang='lat' dir='ltr'>plagas</span> <span class='ocrx_word' id='word_1_304' title='bbox 921 3267 1075 3321; x_wconf 87' lang='lat' dir='ltr'>caelestum</span> <span class='ocrx_word' id='word_1_305' title='bbox 1090 3267 1187 3322; x_wconf 87' lang='lat' dir='ltr'>Bomb.</span> <span class='ocrx_word' id='word_1_306' title='bbox 1204 3265 1337 3332; x_wconf 82' lang='lat' dir='ltr'>Senecae,</span> 
     </span>
     <span class='ocr_line' id='line_1_33' title="bbox 224 3349 1340 3423; baseline -0.003 -17"><span class='ocrx_word' id='word_1_307' title='bbox 224 3351 263 3423; x_wconf 76' lang='lat' dir='ltr'>cf.</span> <span class='ocrx_word' id='word_1_308' title='bbox 278 3365 377 3422; x_wconf 81' lang='lat' dir='ltr'>supro.</span> <span class='ocrx_word' id='word_1_309' title='bbox 397 3350 420 3404; x_wconf 90' lang='lat' dir='ltr'>si</span> <span class='ocrx_word' id='word_1_310' title='bbox 439 3350 567 3404; x_wconf 80' lang='lat' dir='ltr'>faciendo</span> <span class='ocrx_word' id='word_1_311' title='bbox 583 3351 683 3422; x_wconf 85' lang='lat' dir='ltr'>plagas</span> <span class='ocrx_word' id='word_1_312' title='bbox 698 3353 851 3406; x_wconf 90' lang='lat' dir='ltr'>coelestum</span> <span class='ocrx_word' id='word_1_313' title='bbox 866 3356 924 3407; x_wconf 80' lang='lat' dir='ltr'>tres</span> <span class='ocrx_word' id='word_1_314' title='bbox 940 3351 1010 3422; x_wconf 76' lang='lat' dir='ltr'>Rep.</span> <span class='ocrx_word' id='word_1_315' title='bbox 1032 3359 1058 3406; x_wconf 91' lang='lat' dir='ltr'>et</span> <span class='ocrx_word' id='word_1_316' title='bbox 1073 3351 1145 3408; x_wconf 77' lang='lat' dir='ltr'>Colo.</span> <span class='ocrx_word' id='word_1_317' title='bbox 1160 3353 1259 3422; x_wconf 83' lang='lat' dir='ltr'>aliique</span> <span class='ocrx_word' id='word_1_318' title='bbox 1274 3349 1340 3404; x_wconf 76' lang='lat' dir='ltr'>libri</span> 
     </span>
     <span class='ocr_line' id='line_1_34' title="bbox 224 3434 1338 3506; baseline -0.002 -17"><span class='ocrx_word' id='word_1_319' title='bbox 224 3434 302 3489; x_wconf 71' lang='lat' dir='ltr'>dact.</span> <span class='ocrx_word' id='word_1_320' title='bbox 322 3435 377 3488; x_wconf 91' lang='lat' dir='ltr'>nisi</span> <span class='ocrx_word' id='word_1_321' title='bbox 398 3434 528 3488; x_wconf 84' lang='lat' dir='ltr'>iaciendo</span> <span class='ocrx_word' id='word_1_322' title='bbox 547 3435 648 3506; x_wconf 87' lang='lat' dir='ltr'>plagas</span> <span class='ocrx_word' id='word_1_323' title='bbox 667 3437 830 3491; x_wconf 90' lang='lat' dir='ltr'>coelestium</span> <span class='ocrx_word' id='word_1_324' title='bbox 845 3435 945 3495; x_wconf 82' lang='lat' dir='ltr'>Pate</span> <span class='ocrx_word' id='word_1_325' title='bbox 965 3435 1029 3491; x_wconf 86' lang='lat' dir='ltr'>Pol.</span> <span class='ocrx_word' id='word_1_326' title='bbox 1046 3442 1060 3493; x_wconf 95' lang='lat' dir='ltr'>l</span> <span class='ocrx_word' id='word_1_327' title='bbox 1079 3437 1198 3492; x_wconf 81' lang='lat' dir='ltr'>Crateri.</span> <span class='ocrx_word' id='word_1_328' title='bbox 1220 3435 1274 3489; x_wconf 89' lang='lat' dir='ltr'>nisi</span> <span class='ocrx_word' id='word_1_329' title='bbox 1297 3436 1338 3489; x_wconf 86' lang='lat' dir='ltr'>la-</span> 
     </span>
     <span class='ocr_line' id='line_1_35' title="bbox 225 3518 1337 3592; baseline -0.002 -18"><span class='ocrx_word' id='word_1_330' title='bbox 225 3518 326 3574; x_wconf 89' lang='lat' dir='ltr'>ciendo</span> <span class='ocrx_word' id='word_1_331' title='bbox 348 3519 510 3585; x_wconf 85' lang='lat' dir='ltr'>celestium,</span> <span class='ocrx_word' id='word_1_332' title='bbox 531 3535 583 3573; x_wconf 89' lang='lat' dir='ltr'>om.</span> <span class='ocrx_word' id='word_1_333' title='bbox 606 3521 720 3592; x_wconf 90' lang='lat' dir='ltr'>plagas,</span> <span class='ocrx_word' id='word_1_334' title='bbox 745 3519 834 3590; x_wconf 76' lang='lat' dir='ltr'>GueIs.</span> <span class='ocrx_word' id='word_1_335' title='bbox 858 3537 892 3576; x_wconf 89' lang='lat' dir='ltr'>no</span> <span class='ocrx_word' id='word_1_336' title='bbox 909 3521 1037 3575; x_wconf 76' lang='lat' dir='ltr'>faciendo</span> <span class='ocrx_word' id='word_1_337' title='bbox 1053 3523 1153 3592; x_wconf 84' lang='lat' dir='ltr'>plagas</span> <span class='ocrx_word' id='word_1_338' title='bbox 1172 3520 1337 3575; x_wconf 88' lang='lat' dir='ltr'>caelestium</span> 
     </span>
     <span class='ocr_line' id='line_1_36' title="bbox 224 3602 1337 3677; baseline 0 -19"><span class='ocrx_word' id='word_1_339' title='bbox 224 3602 316 3659; x_wconf 74' lang='lat' dir='ltr'>Patr</span> <span class='ocrx_word' id='word_1_340' title='bbox 334 3602 451 3657; x_wconf 82' lang='lat' dir='ltr'>Crateri.</span> <span class='ocrx_word' id='word_1_341' title='bbox 468 3604 494 3656; x_wconf 90' lang='lat' dir='ltr'>ni</span> <span class='ocrx_word' id='word_1_342' title='bbox 512 3604 642 3658; x_wconf 80' lang='lat' dir='ltr'>iaciendo</span> <span class='ocrx_word' id='word_1_343' title='bbox 657 3606 714 3671; x_wconf 85' lang='lat' dir='ltr'>(las</span> <span class='ocrx_word' id='word_1_344' title='bbox 731 3622 796 3660; x_wconf 90' lang='lat' dir='ltr'>esse</span> <span class='ocrx_word' id='word_1_345' title='bbox 812 3623 848 3658; x_wconf 88' lang='lat' dir='ltr'>m.</span> <span class='ocrx_word' id='word_1_346' title='bbox 863 3607 925 3674; x_wconf 89' lang='lat' dir='ltr'>alt.)</span> <span class='ocrx_word' id='word_1_347' title='bbox 939 3607 1038 3677; x_wconf 86' lang='lat' dir='ltr'>plagas</span> <span class='ocrx_word' id='word_1_348' title='bbox 1054 3608 1205 3661; x_wconf 90' lang='lat' dir='ltr'>coelestum</span> <span class='ocrx_word' id='word_1_349' title='bbox 1222 3605 1337 3660; x_wconf 70' lang='lat' dir='ltr'>Alema.</span> 
     </span>
     <span class='ocr_line' id='line_1_37' title="bbox 225 3687 1341 3760; baseline 0.001 -18"><span class='ocrx_word' id='word_1_350' title='bbox 225 3703 282 3742; x_wconf 94' lang='lat' dir='ltr'>non</span> <span class='ocrx_word' id='word_1_351' title='bbox 299 3687 351 3740; x_wconf 86' lang='lat' dir='ltr'>las.</span> <span class='ocrx_word' id='word_1_352' title='bbox 364 3703 428 3741; x_wconf 89' lang='lat' dir='ltr'>esse</span> <span class='ocrx_word' id='word_1_353' title='bbox 451 3688 511 3753; x_wconf 84' lang='lat' dir='ltr'>(uei</span> <span class='ocrx_word' id='word_1_354' title='bbox 525 3691 623 3757; x_wconf 90' lang='lat' dir='ltr'>omne)</span> <span class='ocrx_word' id='word_1_355' title='bbox 644 3690 744 3760; x_wconf 87' lang='lat' dir='ltr'>plagas</span> <span class='ocrx_word' id='word_1_356' title='bbox 761 3692 914 3745; x_wconf 87' lang='lat' dir='ltr'>caelestum</span> <span class='ocrx_word' id='word_1_357' title='bbox 936 3693 996 3758; x_wconf 87' lang='lat' dir='ltr'>(nel</span> <span class='ocrx_word' id='word_1_358' title='bbox 1010 3692 1188 3759; x_wconf 85' lang='lat' dir='ltr'>caelestium)</span> <span class='ocrx_word' id='word_1_359' title='bbox 1209 3691 1257 3744; x_wconf 85' lang='lat' dir='ltr'>olii</span> <span class='ocrx_word' id='word_1_360' title='bbox 1276 3690 1341 3744; x_wconf 83' lang='lat' dir='ltr'>libri</span> 
     </span>
     <span class='ocr_line' id='line_1_38' title="bbox 225 3771 1337 3842; baseline 0 -15"><span class='ocrx_word' id='word_1_361' title='bbox 225 3771 357 3827; x_wconf 84' lang='lat' dir='ltr'>Senecae.</span> <span class='ocrx_word' id='word_1_362' title='bbox 377 3771 401 3824; x_wconf 91' lang='lat' dir='ltr'>si</span> <span class='ocrx_word' id='word_1_363' title='bbox 415 3771 459 3825; x_wconf 91' lang='lat' dir='ltr'>las</span> <span class='ocrx_word' id='word_1_364' title='bbox 474 3771 621 3826; x_wconf 87' lang='lat' dir='ltr'>caedendo</span> <span class='ocrx_word' id='word_1_365' title='bbox 636 3774 769 3828; x_wconf 88' lang='lat' dir='ltr'>caelestia</span> <span class='ocrx_word' id='word_1_366' title='bbox 781 3775 908 3830; x_wconf 82' lang='lat' dir='ltr'>undecim</span> <span class='ocrx_word' id='word_1_367' title='bbox 921 3774 987 3830; x_wconf 81' lang='lat' dir='ltr'>libri</span> <span class='ocrx_word' id='word_1_368' title='bbox 997 3792 1055 3831; x_wconf 88' lang='lat' dir='ltr'>ree.</span> <span class='ocrx_word' id='word_1_369' title='bbox 1075 3782 1102 3832; x_wconf 88' lang='lat' dir='ltr'>et</span> <span class='ocrx_word' id='word_1_370' title='bbox 1115 3777 1178 3831; x_wconf 83' lang='lat' dir='ltr'>edd.</span> <span class='ocrx_word' id='word_1_371' title='bbox 1192 3775 1337 3842; x_wconf 71' lang='lat' dir='ltr'>lactantii,</span> 
     </span>
     <span class='ocr_line' id='line_1_39' title="bbox 224 3854 1340 3933; baseline 0.002 -21"><span class='ocrx_word' id='word_1_372' title='bbox 224 3859 286 3912; x_wconf 84' lang='lat' dir='ltr'>item</span> <span class='ocrx_word' id='word_1_373' title='bbox 307 3854 444 3910; x_wconf 86' lang='lat' dir='ltr'>scandere</span> <span class='ocrx_word' id='word_1_374' title='bbox 461 3872 516 3925; x_wconf 84' lang='lat' dir='ltr'>pro</span> <span class='ocrx_word' id='word_1_375' title='bbox 538 3856 887 3929; x_wconf 79' lang='lat' dir='ltr'>ascendere&#39;enltibentes,</span> <span class='ocrx_word' id='word_1_376' title='bbox 912 3877 996 3933; x_wconf 86' lang='lat' dir='ltr'>qnam</span> <span class='ocrx_word' id='word_1_377' title='bbox 1015 3863 1184 3932; x_wconf 80' lang='lat' dir='ltr'>scripturam</span> <span class='ocrx_word' id='word_1_378' title='bbox 1212 3858 1340 3931; x_wconf 71' lang='lat' dir='ltr'>defendit</span> 
     </span>
     <span class='ocr_line' id='line_1_40' title="bbox 227 3940 866 4016; baseline 0 -18"><span class='ocrx_word' id='word_1_379' title='bbox 227 3941 356 3998; x_wconf 79' lang='lat' dir='ltr'>Osannnc</span> <span class='ocrx_word' id='word_1_380' title='bbox 372 3940 410 3994; x_wconf 85' lang='lat' dir='ltr'>ad</span> <span class='ocrx_word' id='word_1_381' title='bbox 425 3940 481 3996; x_wconf 82' lang='lat' dir='ltr'>Ci&#39;e.</span> <span class='ocrx_word' id='word_1_382' title='bbox 498 3940 532 3995; x_wconf 85' lang='lat' dir='ltr'>de</span> <span class='ocrx_word' id='word_1_383' title='bbox 545 3941 699 4013; x_wconf 75' lang='lat' dir='ltr'>republica</span> <span class='ocrx_word' id='word_1_384' title='bbox 712 3960 743 4014; x_wconf 87' lang='lat' dir='ltr'>p.</span> <span class='ocrx_word' id='word_1_385' title='bbox 759 3947 811 4002; x_wconf 78' lang='lat'>421</span> <span class='ocrx_word' id='word_1_386' title='bbox 825 3959 866 4016; x_wconf 84' lang='lat' dir='ltr'>sq.</span> 
     </span>
    </p>

    <p class='ocr_par' dir='ltr' id='par_1_11' title="bbox 219 4025 1364 4361">
     <span class='ocr_line' id='line_1_41' title="bbox 267 4025 1364 4086; baseline -0.002 -1"><span class='ocrx_word' id='word_1_387' title='bbox 267 4033 283 4085; x_wconf 91' lang='lat'>1</span> <span class='ocrx_word' id='word_1_388' title='bbox 303 4027 377 4081; x_wconf 86' lang='lat' dir='ltr'>mala</span> <span class='ocrx_word' id='word_1_389' title='bbox 397 4025 500 4080; x_wconf 89' lang='lat' dir='ltr'>eiuiere</span> <span class='ocrx_word' id='word_1_390' title='bbox 522 4027 599 4081; x_wconf 84' lang='lat' dir='ltr'>Flor.</span> <span class='ocrx_word' id='word_1_391' title='bbox 614 4027 710 4083; x_wconf 86' lang='lat' dir='ltr'>Hann.</span> <span class='ocrx_word' id='word_1_392' title='bbox 740 4028 887 4084; x_wconf 80' lang='lat' dir='ltr'>Varronis.</span> <span class='ocrx_word' id='word_1_393' title='bbox 909 4030 982 4084; x_wconf 87' lang='lat' dir='ltr'>mala</span> <span class='ocrx_word' id='word_1_394' title='bbox 1004 4031 1098 4086; x_wconf 93' lang='lat' dir='ltr'>cluere</span> <span class='ocrx_word' id='word_1_395' title='bbox 1121 4030 1246 4085; x_wconf 85' lang='lat' dir='ltr'>Darmst.</span> <span class='ocrx_word' id='word_1_396' title='bbox 1274 4029 1338 4085; x_wconf 85' lang='lat' dir='ltr'>Vct.</span> <span class='ocrx_word' id='word_1_397' title='bbox 1361 4072 1364 4078; x_wconf 91' lang='lat'>.</span> 
     </span>
     <span class='ocr_line' id='line_1_42' title="bbox 225 4111 1337 4188; baseline 0.001 -21"><span class='ocrx_word' id='word_1_398' title='bbox 225 4113 299 4167; x_wconf 91' lang='lat' dir='ltr'>mala</span> <span class='ocrx_word' id='word_1_399' title='bbox 320 4111 406 4167; x_wconf 78' lang='lat' dir='ltr'>(luere</span> <span class='ocrx_word' id='word_1_400' title='bbox 425 4111 525 4166; x_wconf 84' lang='lat' dir='ltr'>Gorlic.</span> <span class='ocrx_word' id='word_1_401' title='bbox 541 4111 692 4168; x_wconf 80' lang='lat' dir='ltr'>Censorini.</span> <span class='ocrx_word' id='word_1_402' title='bbox 715 4115 851 4168; x_wconf 90' lang='lat' dir='ltr'>malacam</span> <span class='ocrx_word' id='word_1_403' title='bbox 874 4115 950 4169; x_wconf 90' lang='lat' dir='ltr'>uiere</span> <span class='ocrx_word' id='word_1_404' title='bbox 972 4112 1111 4188; x_wconf 62' lang='lat' dir='ltr'>Scaliger,</span> <span class='ocrx_word' id='word_1_405' title='bbox 1135 4116 1206 4170; x_wconf 88' lang='lat' dir='ltr'>conl.</span> <span class='ocrx_word' id='word_1_406' title='bbox 1227 4114 1263 4168; x_wconf 85' lang='lat' dir='ltr'>ab</span> <span class='ocrx_word' id='word_1_407' title='bbox 1276 4114 1337 4169; x_wconf 86' lang='lat' dir='ltr'>He-</span> 
     </span>
     <span class='ocr_line' id='line_1_43' title="bbox 219 4184 1338 4275; baseline 0.002 -23"><span class='ocrx_word' id='word_1_408' title='bbox 219 4197 382 4269; x_wconf 72' lang='lat' dir='ltr'>phaestione</span> <span class='ocrx_word' id='word_1_409' title='bbox 406 4198 487 4252; x_wconf 83' lang='lat' dir='ltr'>citato</span> <span class='ocrx_word' id='word_1_410' title='bbox 508 4211 593 4252; x_wconf 81' lang='lat' dir='ltr'>uersu</span> <span class='ocrx_word' id='word_1_411' title='bbox 614 4197 741 4254; x_wconf 82' lang='lat' dir='ltr'>Sotadieo</span> <span class='ocrx_word' id='word_1_412' title='bbox 766 4193 875 4272; x_wconf 81' lang='grc' dir='ltr'><strong><em>ποίης</em></strong></span> <span class='ocrx_word' id='word_1_413' title='bbox 899 4192 1001 4275; x_wconf 81' lang='grc' dir='ltr'><strong><em>τέρεν</em></strong></span> <span class='ocrx_word' id='word_1_414' title='bbox 1022 4188 1139 4266; x_wconf 71' lang='grc' dir='ltr'><strong><em>ἄνθος</em></strong></span> <span class='ocrx_word' id='word_1_415' title='bbox 1166 4184 1338 4272; x_wconf 82' lang='grc' dir='ltr'><strong><em>μαλακὸν</em></strong></span> 
     </span>
     <span class='ocr_line' id='line_1_44' title="bbox 225 4280 810 4361; baseline 0.009 -25"><span class='ocrx_word' id='word_1_416' title='bbox 225 4280 337 4361; x_wconf 67' lang='lat' dir='ltr'>pareri</span> <span class='ocrx_word' id='word_1_417' title='bbox 344 4294 406 4337; x_wconf 83' lang='grc' dir='ltr'>σαι</span> <span class='ocrx_word' id='word_1_418' title='bbox 490 4298 624 4337; x_wconf 81' lang='lat' dir='ltr'>eoronam</span> <span class='ocrx_word' id='word_1_419' title='bbox 644 4281 810 4340; x_wconf 78' lang='lat' dir='ltr'>Censorinus</span> 
     </span>
    </p>
   </div>
   <div class='ocr_carea' id='block_1_10' title="bbox 0 0 1476 4942">
    <p class='ocr_par' dir='ltr' id='par_1_12' title="bbox 0 0 1476 4942">
     <span class='ocr_line' id='line_1_45' title="bbox 0 0 1476 4942; baseline 0 0"><span class='ocrx_word' id='word_1_420' title='bbox 0 0 1476 4942; x_wconf 95' lang='lat' dir='ltr'> </span> 
     </span>
    </p>
   </div>
  </div>
 </body>
</html>
