2932 4942
571 346 625 400 EN
633 346 736 400 NIAN
744 346 800 399 ΑΕ
1119 355 1242 402 LXXVII

134 528 233 567 uorum
255 527 419 583 opprteuure
438 514 520 567 simut
546 515 668 568 omnibus
685 517 777 585 pertis
797 514 924 585 adoressi
947 522 1011 569 utut
1033 509 1126 589 (XIII.
1147 512 1241 592 XIV).

134 612 275 671 Aemilius
296 631 312 672 a
335 613 445 673 baebio
469 615 604 674 auxilium
625 623 786 693 expectans
809 633 872 673 curu
895 624 924 673 et
949 625 1069 693 postero
1092 620 1138 677 die
1159 620 1242 697 Ligu·

133 728 345 803 resinenturos
365 722 473 778 scisset
490 729 519 778 et
542 720 670 779 educere
694 721 721 777 in
742 720 835 779 aciem
863 722 1021 799 potuisset,
1050 732 1145 782 tamen
1168 732 1242 785 intra

132 831 235 883 uultum
259 845 324 884 stau
353 833 448 899 micuit,
482 837 512 885 ut
536 830 699 885 extruderet
724 845 783 885 rem
809 833 837 884 in
863 832 892 885 id
916 837 1022 902 ίιιιιριιε
1048 850 1101 903 qtro
1122 834 1244 888 Baebius

133 950 193 990 ιιιηι
215 939 340 991 exercitu
361 938 457 990 uenire
478 953 496 989 u
519 937 593 991 Pisis
610 944 713 1007 posset.
751 930 796 992 CI.
820 930 917 989 LInIus
939 931 958 989 Ι.
980 931 999 990 l.
1024 933 1074 991 25.
1106 934 1167 994 Hac
1190 950 1242 993 oc-

134 1038 252 1097 casione
281 1038 382 1096 nescio
417 1039 481 1115 quis
510 1037 663 1096 Aemilium
691 1037 806 1096 uidetur
838 1039 882 1095 ois
909 1039 1061 1096 sententiis
1093 1041 1242 1099 inuexIsse

133 1161 206 1220 quas
226 1142 302 1202 baec
319 1143 481 1220 fragmenta
503 1162 577 1221 quae
601 1143 669 1203 olirn
691 1153 721 1202 ut
741 1154 810 1222 puto
827 1144 909 1202 unius
925 1145 1065 1203 orationis
1086 1146 1242 1223 complexu

133 1249 355 1308 continebantur
375 1248 452 1307 XVI.
474 1248 564 1307 XVII.
586 1249 691 1310 XVIII.
715 1249 784 1331 XIX
807 1249 955 1309 exhibent.
1001 1250 1128 1310 Tandem
1150 1256 1240 1310 Aemi-

66 1410 71 1416 .
131 1361 191 1429 bito,
204 1367 351 1431 postquam
365 1361 434 1414 uiltil
446 1376 563 1432 usqttum
576 1362 677 1416 uttuilii
688 1361 934 1416 ostendebatur-
951 1362 990 1415 ud
1004 1368 1132 1433 qrruttuor
1141 1370 1242 1432 portus

131 1468 283 1521 exercitum
305 1468 453 1533 instuduit,
474 1475 504 1521 ut
523 1470 601 1538 siquo
622 1467 685 1521 duto
707 1469 789 1521 sinaut
806 1483 844 1521 eu
865 1469 988 1522 curribus
1004 1468 1134 1536 portibus
1156 1483 1241 1538 eritp-

133 1574 230 1626 tionem
255 1572 385 1642 facerent
406 1604 450 1612 -
478 1580 597 1643 quuutus
620 1573 716 1642 pudor·
742 1581 814 1627 esset
839 1574 957 1628 ettoeeus
974 1575 1009 1628 ub
1031 1573 1176 1643 Liyuribus
1193 1575 1240 1626 ‘tu-

132 1677 255 1731 irnuibus
284 1679 380 1732 uerius
407 1697 490 1750 quum
518 1679 638 1733 hostibus
665 1681 743 1733 iustis
764 1679 920 1734 Routuuum
947 1681 1099 1734 exercitum
1123 1679 1243 1733 obsideri

133 1777 246 1855 (binius
268 1777 287 1837 I.
311 1777 332 1836 I.
356 1777 424 1859 27),
449 1790 538 1859 atque
560 1779 615 1838 buo
638 1780 736 1840 refero
759 1780 786 1838 id
807 1779 884 1859 quod
903 1790 969 1858 post
985 1779 1055 1840 XIX
1077 1782 1241 1858 ponendum

131 1893 194 1944 erat
212 1883 249 1943 ir.
265 1882 329 1942 XV.
710 1949 713 1954 ,

217 1989 328 2048 Eodem
353 2008 427 2048 anno
457 1990 566 2051 bellurn
595 2001 727 2051 coortum
756 1995 784 2051 in
809 1990 945 2070 Hispania
972 1992 1126 2070 citeriore,
1155 2014 1240 2074 quarn

132 2093 168 2166 Q.
192 2092 310 2154 Fuluius
333 2094 457 2156 Flaccus
477 2099 654 2175 prouinciam
677 2098 837 2158 obtinebat.
861 2095 970 2163 ,Cuius
987 2098 1058 2159 belli
1076 2102 1240 2178 decursum,

132 2201 160 2258 in
182 2219 240 2279 quo
264 2201 299 2259 ir.
322 2201 387 2261 XX.
410 2203 489 2267 XXI.
509 2202 592 2262 XXII
614 2205 715 2263 sedern
737 2207 865 2266 nancisci
890 2215 1041 2282 poterant,
1062 2207 1158 2267 Liuius
1183 2210 1202 2269 I.
1221 2210 1239 2268 I.

132 2307 165 2367 31
189 2327 256 2386 sqq.
282 2306 443 2368 enarranit.

214 2413 286 2473 Nam
314 2411 455 2473 Celtiberi
486 2416 606 2492 primum
630 2416 761 2476 omnibus
790 2419 884 2495 copiis
910 2419 1014 2477 castris
1037 2422 1239 2497 egrediuntur:

130 2521 198 2579 dein
218 2539 282 2580 curn
306 2520 451 2578 nonanus
475 2537 528 2596 per
551 2502 925 2597 quadriduanconu‘rruum
946 2543 1017 2585 suos
1039 2529 1111 2585 intra
1133 2530 1240 2588 uatium

132 2628 305 2702 contineret,
319 2628 347 2684 in
363 2628 467 2684 castris
484 2627 640 2703 quieuere,
657 2629 802 2706 equitibus
819 2641 924 2690 tautum
939 2633 968 2689 in
984 2635 1137 2692 stationem
1154 2638 1238 2694 ernis·

131 2733 171 2789 sis
186 2730 285 2810 (XX).
319 2731 377 2790 Iarn
398 2740 517 2810 praetor
540 2733 685 2793 Romanus
705 2733 735 2792 L.
754 2735 877 2794 Acilium
899 2755 963 2794 cunr
984 2739 1134 2814 copiarum
1156 2750 1239 2817 parte

130 2847 216 2897 noctu
245 2836 339 2915 (XXI.
358 2837 470 2916 XXII.)
494 2845 640 2897 circumire
661 2850 777 2899 tuentem
798 2845 869 2899 iubet
894 2849 942 2915 qui
967 2847 1002 2899 ub
1024 2855 1099 2918 teron
1120 2849 1240 2905 hostibus

130 2955 204 3001 erut:
225 2948 289 3001 iude
306 2948 352 3002 ubi
370 2950 517 3002 clamorem
535 2949 664 3015 audisset,
688 2950 840 3005 deaurare
855 2953 893 3004 ad
906 2959 1000 3005 custru
1016 2967 1120 3006 eorrcm.
1154 2948 1240 3009 Flac·

130 3066 181 3106 cus
205 3049 317 3108 interea
341 3046 545 3107 Celtiberosa
571 3050 717 3128 praesidio
742 3060 901 3111 castrorum
924 3048 1045 3110 ¹suorum
1067 3051 1239 3115 abstrahere

130 3154 242 3213 studet:
274 3171 310 3212 ac
338 3153 434 3213 subito
464 3162 538 3214 intra
565 3162 670 3215 trallunt
696 3165 821 3216 exercitu
846 3164 977 3215 bestructo
1004 3161 1091 3216 tribus
1115 3167 1243 3230 portibus

129 3266 209 3319 simut
229 3267 361 3335 erumpit,
388 3267 536 3320 etumcrem
558 3283 614 3320 nou
643 3273 748 3321 titutum
770 3266 808 3319 ud
828 3266 959 3320 ardorem
975 3283 1089 3337 pityuue
1112 3273 1236 3326 suducu-

129 3368 193 3422 dum
219 3369 341 3436 subluto,
370 3371 421 3423 sed
444 3373 523 3424 etium
543 3378 572 3425 ut
592 3375 640 3443 qui
659 3375 688 3426 iu
710 3371 843 3426 montibus
863 3377 945 3426 eruut
965 3374 1140 3430 exacuebant.
1186 3373 1239 3452 (vt

128 3467 183 3528 buc
206 3469 333 3528 tortasse
354 3473 457 3531 melius
481 3473 624 3534 reseratur
644 3475 680 3532 tr.
702 3473 798 3551 XIV.)
832 3474 882 3533 Sic
896 3494 989 3549 prope
1010 3482 1069 3533 sine
1090 3466 1268 3543 certumiuef

127 3581 275 3648 cupimuur
298 3589 403 3636 eastra.

210 3674 378 3760 Septimo
403 3683 550 3744 decirno
574 3687 696 3748 annali
718 3694 808 3766 poeta
830 3704 878 3746 res
902 3705 927 3746 a.
951 3704 978 3746 u.
1002 3707 1027 3748 c.
1045 3690 1107 3748 572
1128 3700 1157 3749 et
1176 3691 1237 3751 573

125 3795 227 3872 gestas
254 3789 370 3847 cecinit.
417 3787 494 3849 Inter
522 3809 594 3868 quas
622 3794 675 3852 tuit
705 3795 791 3853 etIanr
822 3793 900 3870 quod
923 3791 1046 3869 Cicero,
1073 3813 1158 3871 quern
1181 3795 1238 3855 IIu-

126 3892 191 3966 gins
213 3892 356 3967 laudauit,
379 3894 406 3950 in
423 3895 555 3952 oratione
577 3898 614 3956 de
634 3901 790 3976 prouinciis
817 3897 1019 3959 consularibus
1047 3918 1073 3957 c.
1096 3900 1114 3957 9
1137 3899 1238 3958 tradit:

126 4018 164 4057 ort
191 4019 258 4057 uero
286 4003 329 4057 M.
351 4005 397 4056 itte
420 4005 554 4074 beatulus,
577 4009 625 4078 quei
642 4007 681 4060 bis
702 4012 798 4063 essesut
818 4017 846 4063 et
867 4009 999 4080 promisee
1020 4011 1158 4062 turccimus
1177 4008 1240 4077 fuit,

126 4123 180 4162 nort
202 4110 289 4162 solum
310 4112 458 4164 irretireriue
481 4114 630 4166 testimonie
649 4115 700 4166 sed
717 4117 798 4168 ruam
821 4118 963 4170 currulium
983 4116 1078 4168 titteris
1097 4119 1123 4166 et
1143 4117 1242 4168 srertmi

122 4217 221 4280 putdtue
241 4230 309 4267 ricae
331 4217 460 4271 tctudutus
479 4224 526 4286 est,
546 4218 619 4286 qrtod
640 4230 701 4271 euru
717 4218 757 4271 M.
778 4221 879 4274 Fulrdo
900 4223 1024 4289 ιιιιιῐιῃιι,
1044 4238 1097 4291 qrrn
1112 4221 1155 4272 die
1175 4234 1239 4273 cert-
