2932 4942
610 312 852 405 auuiqusu

669 503 736 573 XV
750 499 790 539 ss*

278 624 418 718 Vosque
437 626 524 697 lares
543 630 666 697 tectum
686 617 808 695 nomen
832 623 889 717 qui
908 620 1058 692 [unditus
1080 618 1203 687 curant.

527 1009 529 1014 ,
611 906 864 1043 uiouau'

710 1136 723 1205 l
737 1133 753 1171 ss

277 1250 338 1320 Hie
360 1274 499 1321 occasus
521 1256 648 1325 datust:
676 1259 710 1325 al
727 1252 861 1326 Oratius
885 1253 1026 1322 inclutus
1048 1248 1134 1318 sallu

699 1388 756 1460 M*

189 1516 248 1576 165
277 1508 324 1576 Al
342 1531 435 1594 sese,
464 1530 536 1579 sum
559 1532 644 1604 quae
662 1511 838 1580 dederilin
860 1506 991 1577 luminis
1015 1528 1092 1575 oras
1154 1534 1160 1551 ·

693 1643 765 1717 ui*
840 1622 843 1626 ‘

277 1816 596 1835 ......
649 1765 834 1837 Vulsculus
855 1762 996 1856 perdidit
1012 1762 1157 1830 Anxur·

688 1900 768 1972 IV*

277 2069 283 2084 .
339 2019 435 2086 nonis
459 2019 548 2098 lunis
570 2021 633 2091 soli
655 2022 734 2092 luna
756 2019 898 2104 obstitit,
926 2021 1050 2101 eluox

275 2255 413 2327 Romani
437 2257 536 2328 scalis
556 2281 687 2333 summa
703 2261 852 2333 nituntur
872 2244 973 2349 opum
994 2255 1038 2325 ui.

171 2458 329 2506 lertio...
346 2465 522 2523 optumum.
538 2459 611 2524 Par.)
680 2464 730 2513 XV
756 2461 978 2524 Charisiusle.
995 2455 1047 2508 2311
1059 2458 1088 2506 Ρ.
1116 2453 1182 2518 (158
1195 2451 1287 2516 Liud.)

170 2525 370 2590 (soloecismus)
397 2531 460 2593 ‘per
479 2545 618 2594 personas,
645 2540 686 2583 ut:
713 2534 823 2597 uosque’
849 2547 872 2580 e.
888 2546 913 2593 q.
928 2545 950 2578 a.
976 2532 1037 2594 ‘pro
1058 2524 1170 2576 curatis*
1204 2524 1286 2573 Ennio

167 2598 205 2664 ·A.-
217 2597 329 2647 Kochius
348 2599 438 2647 Exerc.
455 2601 510 2648 crit.
526 2616 553 2666 p.
572 2601 601 2651 li
619 2603 762 2653 uindicauit

204 2700 292 2749 Lissa
310 2700 346 2749 iV
380 2702 500 2752 IFestus
520 2719 547 2769 p.
561 2703 611 2754 178
624 2704 658 2754 M.
687 2709 853 2763 ιοοοιιειιε,
880 2703 996 2751 interitus
1095 2696 1286 2760 qu⁰¹¹⁰⁰stb¹¹¹⁰

171 2770 268 2818 Ennius
287 2783 334 2834 pro
353 2773 487 2822 occasione
502 2781 540 2823 est
554 2789 616 2823 usus
631 2775 656 2823 in
673 2774 717 2825 lib.
735 2776 757 2824 11
773 2775 828 2824 ...’
862 2817 864 2821 .
900 2773 922 2821 li
944 2771 1033 2819 Festus
1047 2784 1073 2833 p.
1087 2766 1181 2817 29811.
1202 2771 1286 2816 ‘sum

171 2853 217 2903 pro
233 2854 290 2887 erim
305 2844 368 2888 usus
386 2849 424 2890 est
437 2842 534 2892 Ennius
549 2843 577 2893 li.
593 2845 619 2893 1:
642 2843 721 2909 [LIX]
741 2853 765 2894 el
780 2845 796 2893 1.
809 2845 832 2893 Il
848 2842 900 2890 ...'
936 2841 990 2889 Huc
1005 2837 1099 2888 rettulit
1112 2838 1143 2886 H.
1160 2836 1286 2901 llbergius

239 2908 275 2954 111
294 2909 388 2957 Paulus
402 2911 471 2959 Festi
485 2926 512 2976 p.
524 2912 602 2961 22111,
630 2913 693 2961 ‘An
702 2927 762 2961 xur
777 2912 916 2963 uocabatur
933 2924 998 2972 quae
1015 2921 1082 2955 nuuc
1095 2907 1233 2955 Terracina
1247 2905 1287 2954 di-

171 2975 236 3022 citur
250 2976 361 3025 Vuiscae
380 2980 476 3043 gentis,
503 2982 569 3029 sicut
591 2981 626 3028 ait
648 2982 758 3030 Munius:
779 2979 930 3030 Vuisculus'
958 2994 980 3026 e.
1003 2991 1028 3037 q.
1050 2990 1071 3023 s.
1111 2975 1165 3023 Huc
1182 2974 1286 3023 ascribit

172 3044 269 3093 Merula
341 3046 374 3094 [V
394 3047 482 3097 Cicero
498 3048 530 3098 de
544 3063 572 3097 re
588 3065 615 3114 p.
637 3050 706 3108 116,
722 3052 757 3100 25
777 3051 820 3099 ‘id
843 3054 927 3098 aulem
948 3052 1038 3111 postea
1056 3058 1087 3092 ne
1103 3051 1216 3092 nostrum
1231 3044 1287 3105 qui-

171 3114 229 3162 dem
248 3114 357 3163 Ennium
377 3115 464 3180 iugil,·
489 3119 533 3179 qui
556 3124 583 3165 ut
603 3119 693 3167 scribit
714 3133 780 3168 anno
808 3117 1021 3182 quiuquagesimo
1048 3112 1126 3163 ·CGC·
1152 3112 1207 3162 i'ere
1229 3120 1288 3178 post

170 3183 278 3233 Romam
293 3183 423 3234 condilum
437 3200 510 3235 nou.
528 3187 634 3236 Iunis·
655 3203 677 3237 e.
692 3203 718 3250 q.
731 3203 752 3237 s.
789 3189 889 3250 ‘adque
901 3185 950 3234 hac
969 3186 996 3234 in
1012 3196 1040 3231 re
1055 3190 1125 3232 tanta
1139 3183 1204 3232 inest
1222 3184 1287 3232 ratio

171 3252 255 3315 adque
268 3253 399 3314 sollertia,
426 3262 453 3304 ut
467 3271 501 3305 ex
513 3256 563 3307 hoo
575 3257 618 3306 die
634 3272 709 3320 quem
727 3266 789 3322 aput
801 3257 911 3307 Ennium
930 3263 955 3305 et
970 3256 997 3304 iu
1010 3253 1131 3302 maximis
1151 3252 1287 3302 annalibus

170 3324 347 3387 consignatum
366 3325 498 3385 uidemus,
524 3328 671 3392 superiores
688 3328 751 3378 solis
770 3327 928 3377 deiectiones
944 3330 1077 3389 reputatae
1092 3323 1155 3372 siut’
1179 3338 1202 3372 e.
1222 3339 1246 3386 q.
1261 3338 1284 3372 s.

170 3393 263 3442 nonis
284 3393 373 3442 lunis
393 3395 555 3446 Heinriohius
574 3396 690 3447 Ciceroni
718 3398 856 3448 continuat.
898 3396 953 3445 Huc
978 3392 1075 3443 relatus
1094 3393 1126 3443 ab
1150 3392 1192 3442 ed.
1212 3393 1284 3458 Lips.

169 3462 312 3512 uersiculus
382 3467 415 3515 V>
429 3465 573 3516 Macrobius
589 3466 643 3517 Sar.
663 3469 699 3518 Vl
718 3469 729 3518 l
748 3484 775 3534 p.
786 3467 839 3518 499
855 3467 912 3516 lan.
940 3469 1056 3514 ‘summa
1077 3464 1190 3512 nituntur
1208 3478 1286 3529 opum

214 3645 264 3700 163
288 3657 390 3696 nomeu
416 3640 462 3712 qui
485 3643 576 3715 uulqo.
599 3638 645 3697 nir'i
666 3614 760 3714 qood.
870 3647 922 3702 164
943 3641 989 3698 hic
1010 3656 1129 3696 occasus
1146 3636 1228 3694 datus
1243 3644 1286 3694 est

168 3727 242 3789 cod„
278 3732 368 3782 luetur
398 3724 428 3781 0.
454 3725 606 3784 Muellerus
634 3727 674 3783 ud
692 3727 804 3784 Festum
828 3746 860 3800 p.
881 3732 931 3788 391
963 3727 1003 3800 cf.
1025 3726 1222 3783 sacunuunus
1248 3722 1288 3779 ud

168 3809 505 3882 Lucr.11829p.122
592 3812 705 3868 (iratius
727 3813 788 3868 cod.
874 3813 994 3868 inclutus
1015 3812 1075 3868 coel
1161 3809 1283 3878 inclytus

168 3903 230 3952 astu
250 3897 391 3952 Ducarius
497 3901 547 3956 165
576 3897 686 3952 accedit
708 3915 770 3952 sum
793 3899 839 3968 qui
862 3896 984 3952 Merula.
1006 3896 1043 3951 ad
1065 3910 1128 3950 sese
1152 3909 1214 3946 sum
1235 3893 1282 3961 qui

168 3981 517 4045 ‹suaduoeauuacerus
601 3981 720 4037 dederat
730 3982 790 4038 uod.
899 3986 948 4040 166
963 3979 1127 4044 Vuisouius]
1141 3975 1180 4046 cf.
1190 3975 1282 4047 Bery-

167 4064 230 4120 lu'us
241 4064 305 4124 Iud.
320 4067 380 4121 lect.
395 4064 488 4123 Maro.
503 4072 571 4122 ucsl.
589 4071 658 4127 1844
667 4084 700 4139 p·
719 4068 744 4123 V
771 4067 821 4123 Tu.
833 4066 1020 4123 Mommoeuua
1029 4065 1064 4119 'de
1074 4062 1140 4118 dial.
1153 4058 1217 4115 Iul.
1229 4059 1281 4130 ins.

164 4155 334 4218 uliam
443 4154 492 4210 167
515 4152 597 4206 nonis
614 4152 677 4208 edd.
703 4152 842 4207 noacod.
930 4150 1018 4215 lunis]
1034 4146 1073 4219 cf.
1085 4142 1283 4200 Lochmuunua

166 4233 208 4297 ,ad
223 4233 309 4290 Later.
332 4235 358 4292 V
368 4239 404 4293 85
512 4240 564 4296 168
578 4236 713 4293 Romanis
728 4235 903 4306 Pauueup.
989 4247 1111 4303 opumue
1125 4227 1198 4285 Pur.
