2932 4942
172 387 246 432 xnn
563 375 877 443 QVAESTlttNES

171 559 226 600 nae
245 541 407 601 Latinorum
429 550 533 618 gentes
556 541 697 614 dicantur,
722 557 794 618 quas
816 539 857 599 iiii
882 550 982 600 contra
1006 539 1190 619 Tarquinium
1219 542 1282 601 bei·

173 649 256 707 iaturi
280 649 459 707 asciueraut:
488 645 564 705 coni.
589 646 731 720 Dionysio
758 644 850 705 Halic.
882 646 979 725 Antiq.
1012 646 1094 707 Rom.
1117 648 1157 708 ΙΙΙ
1185 649 1223 708 51
1252 668 1280 728 p.

173 755 235 813 550
258 753 358 814 Reisk.
382 757 532 812 Λατῖνοι.
555 796 562 809 .
587 796 594 810 .
618 748 803 829 ἐψηφίσαντο
824 745 879 830 τήν
903 773 933 812 τε
959 751 1071 816 οἰκείαν
1098 751 1229 834 δύναμιν
1253 755 1282 832 ἐξ

172 851 289 937 ἁπάσης
310 853 421 930 πόλεως
454 846 577 937 ἐξάγειν,
608 856 672 917 nat
699 861 771 918 τῶν
797 853 1068 941 πλησιοχώρων
1089 859 1215 922 ἐθνῶν
1239 855 1283 922 τὰ

172 959 354 1047 κράτιστα
378 965 625 1042 παρακαλεῖν.

258 1071 400 1131 Etruriam
424 1070 561 1129 Romanis
581 1068 667 1146 piene
695 1068 842 1130 subactam
872 1072 978 1131 cecinit
1007 1079 1111 1150 poeta,
1142 1081 1172 1130 ut
1197 1090 1215 1131 e
1243 1073 1281 1132 ir.

171 1179 213 1240 v1
234 1178 399 1255 conligitur.
444 1176 529 1249 Quod
552 1174 667 1252 quidem
688 1192 746 1234 non
768 1175 888 1237 Romani
911 1179 994 1238 ducis
1016 1177 1106 1237 uerba
1135 1180 1281 1239 continet:

170 1289 255 1345 immo
276 1286 314 1344 ita
333 1283 523 1342 Etruscorum
546 1282 683 1360 princeps
713 1282 819 1342 milites
846 1301 917 1342 suos
953 1294 1076 1362 propter
1098 1286 1282 1345 inminentem

170 1393 305 1452 Etruriae
329 1392 437 1449 ruinam
469 1389 615 1449 adhortari
639 1388 762 1448 uidetur.
808 1388 846 1446 At
873 1388 929 1448 hoc
952 1388 1141 1450 Etruscorum
1172 1390 1283 1452 beilum

170 1498 279 1557 Ennius
292 1497 488 1574 Tarquinionc
510 1514 545 1554 an
564 1495 668 1554 Seruio
682 1495 777 1554 Tullio
797 1496 978 1572 ascripserit,
996 1495 1161 1555 obscurum.
1185 1496 1283 1556 Liuius

172 1603 287 1682 quidem
311 1602 493 1679 Tarquinium
518 1621 581 1661 curn
604 1600 736 1660 Etruscis
760 1600 946 1659 contendisse
964 1618 1022 1659 non
1043 1603 1143 1663 tradit:
1172 1604 1281 1679 Diony-

172 1712 232 1768 sius
256 1718 350 1768 autem
374 1708 467 1768 Halic.
491 1707 590 1767 11159
614 1726 642 1786 p.
667 1707 728 1767 565
751 1705 851 1765 Reisls.
879 1705 1021 1766 Etruscos
1041 1710 1209 1786 compiures
1232 1729 1282 1770 an·
1335 1739 1339 1748 ’

171 1833 225 1874 nos
243 1824 344 1874 eontra
368 1814 552 1892 Tarquinium
580 1813 689 1873 bellum
715 1814 848 1890 gessisse
875 1822 987 1888 narrat,
1016 1833 1051 1873 ac
1075 1815 1188 1874 taudem
1214 1834 1281 1892 gra-

172 1923 290 1980 uissimo
312 1920 427 1999 proelio
451 1921 487 1980 ad
511 1920 612 1979 urbem
635 1920 753 1979 Eretum
780 1918 936 1978 infeliciter
958 1923 1113 1979 commisso
1142 1923 1169 1980 in
1197 1921 1282 1981 ditio·

170 2044 235 2085 ucm
256 2025 451 2085 Romanorum
480 2045 512 2084 se
543 2024 706 2084 tradidisse.
751 2024 832 2083 Hanc
858 2027 1041 2099 memoriam,
1074 2029 1103 2086 in
1131 2045 1188 2106 qna
1218 2047 1283 2087 cum
1382 2078 1387 2088 .

170 2134 312 2206 Dionysio
351 2132 535 2191 consentiunt
566 2129 671 2188 Florus
705 2128 717 2187 1
752 2129 782 2203 5,
818 2128 836 2186 5
871 2139 900 2188 et
932 2129 1055 2191 Orosius
1085 2133 1127 2207 11,
1166 2135 1185 2192 4
1220 2135 1281 2210 (ci.

171 2237 379 2313 Schwegicrus
407 2235 478 2298 Hist.
512 2236 594 2294 Rom.
624 2233 636 2292 1
666 2235 761 2314 671),
797 2235 822 2292 si
851 2234 960 2294 Ennius
986 2247 1105 2297 secutus
1135 2241 1190 2315 sit,
1224 2241 1283 2300 hoc
1314 2268 1321 2275 ·

171 2343 315 2422 proelium
343 2352 438 2421 aptam
468 2342 600 2401 uideatur
625 2341 666 2400 iiii
697 2342 795 2400 uersui
826 2342 1011 2401 occasionem
1041 2343 1121 2404 dare.
1174 2345 1282 2405 Verum

170 2449 244 2508 idem
267 2435 424 2522 Dionysius
447 2448 485 2507 lV
509 2446 548 2506 27
576 2467 604 2526 p.
632 2448 692 2506 707
719 2446 820 2506 Reisk.
848 2445 1023 2526 longinqua,
1054 2469 1129 2528 quae
1159 2453 1282 2512 Seruius

172 2555 283 2615 Tullius
308 2564 408 2614 contra
421 2554 563 2613 Etruscos
585 2555 724 2630 gesserit,
743 2552 821 2612 bella
843 2563 974 2612 enarrat:
996 2554 1092 2615 Liuius
1112 2556 1125 2616 l
1145 2556 1185 2616 42
1198 2577 1283 2618 unum

172 2662 268 2720 Seruii
284 2655 362 2720 ‘cum
384 2660 556 2719 Veientibus
574 2660 697 2737 aliisque
720 2658 862 2718 Etruscis'
885 2659 993 2720 bellum
1009 2661 1114 2723 leuiter
1132 2673 1283 2740 memorat,

171 2787 187 2826 e
205 2758 354 2846 quo‘iuso
372 2768 481 2842 ingenti
496 2766 620 2825 hostium
638 2766 779 2824 exercitu'
797 2767 892 2825 uictor
903 2784 938 2826 ac
953 2786 1005 2826 rex
1018 2768 1138 2828 Romam
1150 2770 1281 2829 redierit.
1350 2836 1354 2847 ,

173 2875 300 2934 Tertium
321 2874 446 2951 denique
470 2872 660 2948 fragmentum
685 2873 771 2951 (Vll)
794 2890 851 2931 non
873 2875 900 2931 in
929 2877 1012 2933 unius
1042 2895 1157 2954 pugnae
1185 2895 1282 2936 narra·

171 2982 278 3040 tionem
299 2980 442 3058 quadrare
463 2987 594 3057 apertum
617 2986 672 3036 est.

255 3085 299 3144 De
313 3086 444 3144 Seruio
457 3083 580 3144 Tullio
597 3093 708 3143 restant
720 3086 835 3143 omnino
847 3085 1060 3161 dnouersicuii,
1074 3105 1195 3165 quorum
1207 3087 1284 3148 alter

173 3190 232 3270 (X)
256 3201 285 3250 et
309 3193 504 3268 integritatem
517 3200 546 3250 et
559 3193 715 3251 certiorem
725 3192 825 3250 sedem
837 3188 950 3250 Martini
966 3190 1075 3250 Hertzii
1088 3194 1282 3253 emendationi

170 3297 269 3371 debet,
285 3298 379 3357 altero
394 3297 466 3376 (XI)
479 3297 589 3357 Dianae
603 3299 740 3377 templum
753 3297 857 3357 Seruio
870 3307 990 3357 auctore
1003 3317 1017 3356 a
1031 3298 1138 3358 Latinis
1151 3317 1205 3358 urm
1218 3317 1282 3359 curn

172 3400 309 3459 Romanis
332 3400 443 3462 Romae
466 3402 573 3461 iactum
595 3404 750 3479 significari
774 3401 841 3461 mihi
864 3403 993 3478 uidetur,
1015 3414 1045 3463 ut
1074 3405 1226 3487 uidebatur
1245 3405 1282 3464 ll-

171 3507 287 3581 bergio,
311 3507 388 3565 conl.
411 3509 534 3566 maxime
553 3508 634 3567 Liuio
656 3506 669 3565 1
691 3508 731 3566 45
748 3517 831 3566 auctu
853 3515 961 3569 ciuitme
986 3516 1171 3588 magnitudine
1196 3517 1283 3583 urbis,

169 3617 300 3687 formatis
314 3617 439 3672 omatibus
452 3618 526 3672 dorin
541 3624 566 3672 et
587 3617 626 3671 ad
645 3617 707 3671 belli
719 3623 745 3671 et
766 3617 805 3671 ad
815 3622 898 3689 paca's
919 3637 995 3691 usus,
1011 3639 1045 3678 ne
1063 3639 1181 3695 semper·
1195 3627 1284 3679 armis

171 3738 237 3794 opes
259 3725 480 3794 acquirerentur,
499 3724 612 3779 canalio
632 3737 735 3794 augere
756 3725 901 3795 imperium
928 3736 1042 3785 conatus
1067 3736 1120 3795 est,
1149 3731 1232 3784 simut
1257 3736 1286 3783 et

171 3828 284 3900 aliquod
303 3828 409 3882 addere
429 3827 494 3881 urbi
514 3830 598 3883 decus
622 3867 629 3881 .
654 3868 661 3882 .
683 3869 690 3881 .
713 3844 798 3901 saepe
817 3834 943 3889 iterando
965 3836 1058 3890 eudem
1076 3838 1202 3908 perpulit
1219 3842 1283 3891 tun«

172 3936 242 4005 dem,
263 3942 294 3989 ut
314 3933 421 3988 Rornae
438 3932 540 4004 fetuum
562 3935 673 3989 Dianae
698 3938 796 4007 pupuli
818 3937 911 3993 Latini
935 3956 996 3995 curn
1018 3943 1123 4013 populo
1155 3942 1284 3997 Romano

170 4042 307 4112 facerent.

259 4143 373 4203 Relicui
397 4160 500 4200 uersus
516 4162 553 4202 ex
576 4143 693 4204 ultimi
711 4149 817 4224 regis
835 4148 1000 4207 narratione
1018 4148 1183 4226 deprompti
1199 4156 1280 4206 sunt:

175 4267 209 4308 ac
228 4250 409 4325 gubernator
437 4249 515 4325 (siue
543 4251 659 4329 auriga)
682 4251 717 4309 ir.
747 4251 802 4311 Xll
828 4255 930 4313 nescio
959 4273 994 4314 an
1021 4254 1072 4314 ilie
1101 4256 1282 4334 designetur,
