2932 4942
612 377 854 452 nnrrovrns

630 516 833 620 cxxxiv*

280 649 363 718 Tum
386 652 531 722 lateraIIs
554 652 651 723 dolor
670 654 874 725 certissimus
897 657 1030 727 nuntius
1053 660 1167 730 mortis

640 770 799 842 CXXXV
813 773 829 808 *

234 948 238 952 ,
276 871 392 943 Ferme
415 876 552 947 aderant
573 875 699 946 ratibus
721 880 913 968 repentibus
932 901 1077 973 aequore
1100 881 1133 949 in
1156 881 1234 951 alto.

627 992 800 1065 CXXXVI
813 995 829 1030 *

276 1093 530 1199 introducuntur
551 1097 653 1190 legati
676 1097 934 1172 Minturnenses?

623 1216 809 1289 CXXXVII
824 1218 840 1254 *

212 1344 250 1399 ss
275 1312 340 1386 Olli
364 1319 500 1391 crateris
523 1343 566 1391 ex
588 1321 713 1391 auratis
734 1321 926 1394 hauserunt.

614 1439 814 1514 CXXXVIII
827 1441 843 1478 *

97 1631 98 1635 Ἴ
185 1543 246 1604 605
272 1537 406 1632 Massil-i·
419 1541 595 1630 portabant
616 1544 756 1615 iuuenes
778 1546 820 1616 ad
843 1546 940 1615 litora
962 1549 1067 1615 tanas.
1117 1545 1217 1629 isat·

648 1678 831 1751 CXXXIX·

188 1869 191 1875 *
276 1773 372 1878 Quod
397 1776 504 1847 bonus
526 1783 559 1848 et
581 1781 664 1853 liber
685 1784 832 1874 populus

171 2025 194 2058 θ·
216 2027 241 2074 (i-
261 2026 283 2064 ⁸·
305 2013 366 2078 ‘Pr0
385 2013 516 2078 spoliant!
553 2016 691 2084 Pompeius
707 2017 801 2069 Donati
825 2024 959 2070 comment.
978 2032 1006 2082 p.
1024 2016 1076 2068 435
1094 2016 1168 2065 lind,
1188 2016 1285 2066 ‘soloe-

170 2080 266 2131 cismus
351 2083 506 2148 spoliantur’
527 2101 550 2135 e.
567 2102 593 2149 q.
609 2104 631 2137 s.
661 2090 721 2153 ‘pro
743 2104 773 2138 eo
790 2088 859 2151 quod
872 2096 911 2138 est
921 2087 1050 2153 spoliant.'
1080 2087 1161 2136 Ennio
1180 2085 1286 2135 ascribit

172 2148 294 2200 Columna
364 2152 497 2204 CXXXIV
515 2154 643 2208 Maximus
661 2158 808 2208 Victorinus
831 2175 858 2224 p.
878 2155 945 2208 1963
965 2158 992 2206 Ρ.
1012 2155 1077 2221 (293
1095 2151 1187 2218 liud.)
1222 2154 1285 2203 ‘En-

171 2219 229 2270 nius
244 2236 344 2285 qnoque
356 2223 405 2273 ait:
425 2224 478 2273 uita
491 2223 537 2274 illa
551 2225 645 2291 dignus
659 2226 779 2294 locoque,
800 2229 873 2291 quasi
889 2227 969 2292 dignu
981 2226 1088 2290 locoque
1105 2225 1208 2277 dixerit.
1244 2223 1285 2274 Si-

170 2289 264 2340 militer
275 2290 390 2342 Lucilius
405 2293 452 2342 ait:
472 2301 524 2343 tum
537 2294 661 2346 lateralis’
675 2313 698 2350 e.
714 2314 738 2360 q.
757 2312 778 2347 s.
800 2301 861 2363 ‘pro
878 2304 932 2346 tum
943 2295 1041 2345 laterali
1056 2295 1130 2346 dolor
1142 2295 1286 2344 certissimn

170 2362 260 2412 nuntiu
278 2361 386 2414 mortis.‘
423 2363 499 2412 Ennii
516 2363 659 2429 Lucililque
677 2368 781 2416 nomina
799 2367 865 2416 inter
882 2382 910 2416 se
927 2372 1071 2432 permutata
1092 2378 1150 2416 esse
1167 2364 1285 2428 suspica·
1313 2426 1316 2432 .

168 2437 209 2478 tur
232 2431 256 2484 J.
277 2430 405 2482 Beclserus
428 2432 537 2498 Ephem.
561 2434 641 2485 Marb.
667 2434 734 2487 1849
756 2451 782 2501 p.
806 2434 857 2486 329
880 2435 914 2486 cI.
938 2435 1000 2485 ibid.
1027 2435 1096 2485 1846
1118 2449 1146 2498 p.
1164 2432 1216 2483 946

171 2498 289 2549 CXXXV
312 2502 394 2553 Varro
418 2502 450 2552 de
472 2502 500 2554 L.
524 2503 554 2552 L.
578 2505 625 2554 Vll
648 2503 683 2555 23
708 2505 824 2555 ‘terme
848 2505 993 2555 aderant'
1017 2521 1040 2558 e.
1059 2520 1083 2567 q.
1104 2520 1128 2557 s.
1151 2503 1285 2564 ‘aequor

168 2585 239 2619 mare
251 2569 408 2636 appellatum
421 2610 427 2622 .
440 2612 446 2625 .
459 2611 465 2624 .
479 2573 560 2622 ratis
576 2575 651 2624 nauis
665 2573 755 2640 longas
770 2575 853 2626 dixir·
882 2575 958 2624 Ennii
972 2573 1080 2623 heroum
1095 2588 1152 2622 esse
1165 2573 1285 2637 opinatus

169 2646 208 2689 est
224 2639 254 2688 II.
274 2640 399 2705 llbcrgius
481 2641 611 2693 CXXXVI
639 2643 767 2694 Maximus
784 2644 932 2695 Victorinus
950 2643 982 2692 de
1000 2657 1078 2695 carm.
1097 2642 1151 2693 her.
1167 2656 1194 2706 p.
1218 2639 1284 2691 1959
1354 2642 1358 2649 ’

169 2709 198 2758 l';
218 2706 283 2773 (289
296 2707 387 2774 Lind.)
408 2710 416 2735 ‘
423 2711 643 2775 spondiazon,
662 2720 755 2763 ut-cst:
775 2712 981 2763 introducuntur’
1001 2728 1023 2760 e.
1041 2728 1064 2773 q.
1079 2728 1101 2772 s,
1131 2709 1284 2760 Aldhelmns

170 2777 202 2825 de
219 2793 246 2826 re
263 2793 302 2843 gr.
323 2786 347 2828 et
363 2785 435 2831 metr.
462 2780 507 2845 (Α,
530 2782 580 2830 Mai
604 2789 671 2831 auct.
691 2781 768 2833 class.
793 2781 900 2846 V524)
923 2781 1144 2846 ‘spondiazon
1169 2785 1283 2837 uocatur,

169 2853 196 2894 ut
215 2855 266 2896 est:
285 2847 323 2895 hii
341 2847 527 2912 producuntur'
546 2865 567 2900 e.
584 2865 610 2912 q.
628 2865 649 2898 s.
682 2851 764 2899 Ennio
774 2850 922 2900 'tribuerunt
938 2848 1050 2899 editores
1062 2855 1091 2897 nt
1102 2849 1250 2913 proximum

204 2913 345 2966 CXXXVII
364 2915 518 2980 Censorinus
537 2916 629 2984 fragm.
649 2934 671 2969 c.
692 2920 725 2969 15
742 2935 771 2984 p.
791 2918 826 2969 98
843 2918 920 2971 Jahn.
939 2917 1018 2980 (2727
1037 2914 1081 2981 P.)
1101 2915 1284 2980 ‘duodeopspl-
1352 2945 1356 2952 ‚

170 2983 242 3033 labos
256 2984 428 3048 spondiazon:
443 2984 501 3034 olli·
516 3002 539 3034 a.
555 3002 580 3049 q.
596 3001 619 3040 s.
691 2985 846 3037 CXXXVIII
857 2987 972 3036 Donatus
985 2986 1017 3036 de
1032 2986 1115 3050 tropis
1129 3001 1155 3050 p.
1173 2983 1239 3036 1777
1252 2985 1283 3037 P.
1301 3031 1303 3037 ,

170 3051 216 3116 (35
228 3051 316 3118 Lind.)
336 3049 451 3117 ‘tpriotr
514 3062 554 3103 ut:
575 3061 674 3123 septem
693 3056 809 3106 subiecta
825 3056 903 3105 trioni
970 3062 1008 3104 et:
1028 3069 1092 3104 saxo
1107 3068 1164 3103 cere
1178 3052 1285 3103 commi-

170 3123 224 3172 nuit
242 3122 324 3172 brum.
345 3130 382 3172 et:
403 3123 518 3173 Massili'·
533 3140 555 3174 e.
576 3141 600 3189 q.
615 3141 639 3177 s.
675 3125 813 3190 Pompeius
830 3126 923 3174 Donati
941 3130 1076 3174 comment.
1098 3123 1192 3187 p.7475
1206 3121 1283 3173 Lind.

170 3192 335 3258 ‘plerumque
352 3208 398 3258 per
416 3193 495 3242 uerba
512 3193 624 3258 plurima
637 3194 800 3260 interposita¹
820 3194 859 3257 (tlt
870 3192 973 3259 tmesis)
994 3195 1032 3244 ‘si
1046 3193 1118 3242 dicas
1133 3191 1195 3243 hoc:
1215 3191 1284 3241 Mas-

170 3263 226 3311 sili'
239 3278 263 3312 e.
280 3278 304 3325 q.
319 3278 341 3316 s.
364 3263 406 3312 ‘id
425 3269 463 3312 est
474 3262 648 3313 Massilitanas
663 3264 771 3330 lagonas
782 3264 917 3330 portabant
929 3266 1035 3313 iuuenes
1049 3261 1082 3312 ad
1100 3261 1194 3312 littora.
1212 3260 1285 3312 aliud

170 3332 259 3381 etiam:
279 3347 344 3382 saxo
362 3332 494 3382 cerebrum
512 3331 568 3381 eins
585 3334 742 3384 comminuit.
760 3334 807 3384 sed
827 3348 878 3383 non
896 3334 980 3398 potuit
998 3333 1036 3382 sic
1056 3337 1127 3397 stare¹
1143 3347 1176 3382 ex
1195 3331 1284 3382 ordine

170 3401 346 3466 compositus!
374 3400 692 3468 (composuitLInd.)
717 3403 799 3453 Ennio
822 3402 936 3452 attribuit
953 3401 1097 3461 Columna,
1127 3400 1294 3451 abiudicanit

170 3470 202 3524 A.
213 3471 325 3521 Kochius
338 3470 427 3522 Exere.
442 3471 498 3525 crit.
514 3486 539 3536 p.
556 3472 572 3521 2
643 3471 776 3523 CXXXIX
787 3473 900 3524 Lexieon
912 3472 1013 3525 Terent.
1027 3487 1042 3520 a
1055 3470 1082 3522 C.
1097 3470 1201 3521 Barthlo
1212 3470 1281 3522 nnn.

168 3540 304 3594 XXXVIII
323 3541 355 3592 15
379 3543 426 3592 ‘ex
445 3543 541 3606 optimo
556 3542 653 3606 inepto·
679 3543 740 3594 edit.
777 3543 928 3593 ‘Terentius
951 3541 1091 3608 AdelphIs:
1120 3556 1202 3605 neque
1223 3538 1284 3589 boni

169 3609 283 3662 cilicium
294 3610 396 3662 Iunctus
413 3627 455 3672 es,
471 3626 553 3675 neque
563 3610 679 3664 liberalis
689 3614 747 3664 uiri.
770 3613 868 3663 Ennius
886 3613 922 3664 in.
930 3625 966 3662 eo
986 3611 1055 3676 quod
1066 3611 1162 3663 bonus'
1181 3627 1204 3661 e.
1218 3625 1247 3673 q.-
1259 3624 1282 3659 s.

191 3849 195 3857 ·
212 3827 264 3883 602
279 3823 384 3878 ratibus
400 3823 560 3893 repentibus
576 3836 698 3893 aequore
713 3821 741 3875 iu
755 3822 811 3876 alto
826 3823 864 3880 H.
881 3822 1026 3894 Ilberqiits.
1044 3835 1167 3897 aequore
1185 3819 1213 3872 in
1228 3818 1284 3872 alto

170 3910 276 3964 ratibus
291 3907 452 3980 repentibus
468 3907 534 3961 libri
616 3910 670 3966 605
687 3905 900 3962 introducuntur
914 3908 986 3962 Por.
1005 3905 1144 3960 Victorini.
1162 3902 1202 3956 hii
1220 3917 1285 3972 pro-

171 3993 311 4048 ducuntur
325 3992 493 4048 didicerimus.
515 3991 646 4047 tortitudo
663 3990 801 4061 ducuntur
820 3990 899 4047 Goth.
923 3990 1061 4045 Vicwrini.
1079 3989 1163 4041 fortes
1179 3984 1285 4039 ducun-

172 4081 214 4131 tur
231 4077 437 4132 Lindemcnnus
523 4077 608 4148 legati
618 4075 827 4131 Minturnenses
841 4073 1009 4129 Aldltelmus.
1023 4070 1100 4126 Goth.
1124 4068 1192 4125 Vict.
1206 4068 1285 4140 lIgati

172 4161 350 4216 inturnenses
374 4160 445 4217 Por.
472 4159 607 4216 Victorini
712 4165 765 4220 604
790 4159 907 4214 crateris
935 4156 1102 4211 Nonacrius.
1129 4153 1284 4209 crateribus

172 4242 296 4300 namsi.
327 4244 387 4301 Vct.
406 4244 471 4314 (sed
483 4246 512 4299 in
525 4245 571 4300 iilo
586 4245 634 4299 olli
649 4245 802 4300 crateribus
818 4244 847 4297 in
862 4240 981 4308 rasura)
1068 4243 1202 4295 auserunt
1220 4235 1283 4294 Vct.
