2932 4942
616 368 852 425 ANNALIVM

667 535 769 605 XLIII
784 533 801 571 *

282 709 540 726 .....
595 657 773 727 caenacula
791 657 935 727 maxima
953 657 1034 727 caeli

663 793 772 863 XLIV
786 791 802 828 *

624 913 845 1004 bipatentibus

671 1050 766 1121 XLV
780 1049 797 1086 *

280 1172 360 1240 luno
380 1168 487 1239 Vesta
504 1171 652 1240 Minerua
670 1169 772 1241 Ceres
790 1170 896 1240 Diana
918 1169 1036 1238 Venus
1057 1170 1146 1239 Mars

281 1273 463 1343 Mercurius
482 1274 570 1344 Iouis
589 1276 762 1367 Neptunus
783 1273 957 1343 Vulcanus
981 1273 1115 1365 Apollo.

665 1410 774 1481 XLVI
789 1408 805 1445 *

212 1539 252 1600 65
280 1529 465 1621 Respondit
484 1530 565 1601 luno
584 1530 742 1600 Saturnia
763 1534 878 1600 sancta
899 1530 1045 1600 dearum.

646 1666 769 1736 XLVII
783 1665 824 1703 **

279 1786 379 1856 Vnus
400 1787 460 1856 erIt
481 1812 578 1882 quem
599 1795 635 1859 tu
655 1787 753 1857 tolles
776 1787 808 1855 in
827 1785 960 1856 caerula
979 1787 1063 1884 caeli

281 1891 418 1997 lude
997 1922 1000 1927 ·

211 2076 294 2124 XLIII
313 2074 485 2124 Tertullianus
502 2075 561 2124 adu.
584 2076 684 2125 Valent.
703 2092 725 2125 c.
741 2077 756 2126 7
773 2093 799 2142 p.
815 2077 864 2128 291
884 2075 905 2123 Ι)
926 2072 1020 2139 Rigalt.
1047 2072 1160 2136 ‘primus
1178 2073 1291 2120 omnium

176 2147 273 2194 Ennius
287 2147 364 2208 poeta
377 2144 506 2193 Romanus
527 2147 681 2194 caenae-ul
691 2162 706 2194 a
718 2148 858 2195 maxima
872 2143 957 2193 caeli
979 2141 1131 2207 simpliciter
1143 2143 1292 2205 pronuntia-

177 2217 214 2262 uit
229 2215 261 2262 de
276 2214 335 2261 elati
351 2215 414 2262 situs
428 2214 529 2263 nomine
549 2214 589 2263 uel
605 2217 665 2277 quia
680 2217 765 2264 Iouem
780 2216 833 2265 illie
848 2214 993 2281 epulantem
1008 2211 1104 2276 legerat
1118 2211 1186 2274 apud
1199 2211 1292 2259 Home-

178 2285 252 2332 rum'
278 2281 365 2331 Schol.
373 2284 467 2331 Veron.
475 2284 585 2348 iuVerg.
594 2285 658 2333 Aen.
666 2285 690 2333 X
699 2284 709 2333 l
719 2300 745 2350 p.
756 2285 875 2335 welleii.
889 2283 1000 2332 ‘Ennius
1010 2295 1060 2328 non
1071 2288 1168 2329 tantum
1177 2280 1291 2338 domum,

178 2353 225 2402 sed
239 2353 316 2400 etiem
337 2353 527 2400 cenaculum
547 2354 650 2402 caeli.'
683 2354 725 2404 Ad
738 2355 787 2403 hoc
801 2355 906 2404 deorum
920 2350 1055 2400 consilium
1067 2358 1091 2398 et
1103 2349 1152 2398 hoc
1166 2357 1191 2398 et
1204 2351 1292 2414 proxi-

178 2437 248 2471 mum
268 2420 439 2486 fragmentum
470 2423 510 2471 ed.
532 2422 603 2486 Lips.
626 2424 722 2473 rettulit
792 2424 875 2474 XLIV
897 2422 1002 2472 Seruius
1023 2421 1049 2468 ln
1071 2420 1133 2468 Aen.
1150 2418 1205 2469 X5
1228 2420 1292 2468 ‘bi-

179 2498 235 2557 pat
245 2492 392 2540 entibus:
411 2491 519 2556 physice
533 2492 610 2540 dixit.
631 2508 689 2542 nam
703 2494 802 2543 caelum
817 2501 887 2559 patet
900 2492 931 2542 ab
945 2500 1002 2538 ortu
1014 2498 1038 2538 et
1053 2503 1154 2537 occasu.
1184 2489 1231 2537 Est
1247 2504 1292 2538 au-

176 2570 227 2610 tem
240 2575 323 2609 sermo
331 2562 463 2609 Ennianus
475 2569 569 2609 tractus
585 2562 616 2609 ab
631 2563 712 2623 ostiis,
728 2579 793 2625 quae
805 2579 838 2612 ex
850 2572 957 2624 utraque
970 2567 1042 2625 parte
1056 2559 1222 2623 aperiuntur.'

177 2631 245 2680 XLV
266 2629 410 2695 Appuleius
425 2630 456 2679 de
472 2630 521 2680 ded
537 2630 608 2679 Socr.
627 2647 648 2679 c.
660 2634 676 2680 2
690 2648 715 2697 p.
733 2633 781 2682 121
793 2632 858 2682 Oud.
883 2637 1005 2694 ‘qnorum
1024 2629 1050 2677 in
1063 2643 1168 2676 numero
1182 2635 1241 2676 suut
1254 2627 1292 2676 illi

177 2699 312 2751 duodecim
344 2714 478 2749 numeroso
506 2701 557 2748 situ
584 2701 716 2750 nominum
745 2703 772 2751 in
797 2703 861 2752 duos
888 2715 980 2750 uersus
1009 2698 1040 2747 ab
1065 2698 1147 2746 Ennio
1173 2698 1291 2748 coartati:

177 2770 252 2818 luno’
275 2785 297 2818 e.
313 2784 337 2831 q.
355 2785 376 2817 s.
416 2768 555 2819 Martianus
570 2770 741 2836 Capellalp.
760 2772 792 2822 15
807 2771 836 2821 G.
857 2770 905 2838 (89
920 2767 966 2829 Κ.)
991 2772 1065 2817 ‘tunc
1086 2767 1163 2816 etiam
1182 2776 1209 2816 ut
1227 2768 1293 2816 inter

176 2840 241 2889 alios
255 2839 384 2904 potissimi
397 2847 548 2904 rogarentur
560 2841 644 2905 ipsIus
658 2839 772 2905 collegae
788 2842 871 2900 louis,
891 2841 934 2903 qui
949 2837 1056 2888 bisseni
1070 2852 1127 2886 cum
1139 2837 1230 2887 eodem
1243 2836 1293 2886 To-

176 2918 252 2959 nante
266 2916 431 2958 numerantur
452 2924 567 2973 quosque
582 2909 710 2959 distichon
725 2911 901 2976 complectitur
915 2908 1068 2958 Ennianum:
1092 2907 1179 2975 luuofl
1189 2923 1212 2955 e.
1228 2922 1253 2969 q.
1270 2922 1291 2956 s,

175 2981 223 3029 Hic
243 2979 349 3028 ascribit
363 2978 462 3027 Merula
531 2979 614 3028 XLVI
633 2979 740 3029 Seruius
757 2981 783 3028 in
796 2981 860 3030 Aen.
877 2981 912 3030 IV
928 2977 979 3029 576
1004 2980 1106 3026 ‘sancte
1125 2975 1231 3026 deorum
1252 2991 1293 3026 se-

176 3050 287 3099 cundum
297 3049 407 3097 Ennium
417 3049 497 3098 dixit:
513 3049 659 3115 respondit'
674 3066 696 3097 e.
712 3066 736 3112 q.
751 3065 772 3098 s.
800 3050 914 3099 Donatus
928 3049 961 3098 de
969 3047 1136 3096 barbarismis
1149 3061 1176 3111 p.
1188 3044 1291 3097 truse.

175 3119 222 3185 (27
243 3115 335 3181 Lind.)
356 3117 563 3183 (soloecismus)
594 3121 654 3184 ‘per
675 3121 879 3185 comparationes
903 3119 981 3168 sicut:
1007 3116 1151 3182 respondit’
1177 3132 1200 3165 e.
1224 3132 1248 3178 q.
1270 3132 1291 3163 s.

176 3195 238 3257 ‘pro
253 3188 433 3237 sanctissima.’
473 3190 611 3255 Pompeius
625 3188 718 3238 Donati
734 3197 868 3239 comment.
886 3205 912 3255 p.
931 3186 982 3237 435
996 3187 1071 3236 Lind.
1096 3183 1292 3251 (soloecismus)

177 3263 238 3323 ‘per
252 3259 481 3322 comparationem:
508 3258 649 3324 respondit’
671 3275 693 3307 e.
706 3274 730 3321 q.
743 3275 764 3308 s.
801 3260 923 3309 Claudius
943 3257 1068 3307 Sacerdos
1088 3256 1098 3303 I
1116 3270 1143 3319 p.
1159 3254 1193 3304 28
1215 3255 1290 3303 Endl.

177 3324 373 3393 (soloecismus)
398 3331 458 3392 ‘per
472 3329 567 3393 gradus
584 3327 750 3386 conlationis,
775 3328 824 3378 hoo
840 3337 878 3378 est
897 3326 1111 3392 comparationis,
1134 3331 1162 3372 ut
1180 3330 1218 3372 est
1233 3322 1292 3372 Sa-

176 3397 287 3445 turnIa
309 3395 447 3458 pulchra
476 3397 608 3446 dearum
633 3412 679 3461 pro
700 3397 891 3462 pulcherrima!
927 3399 982 3447 Huc
1007 3395 1103 3444 rettulit
1127 3393 1224 3443 Merula

177 3464 272 3513 XLVII
289 3465 372 3513 Varro
386 3463 418 3512 de
431 3464 461 3513 L.
477 3464 506 3513 L.
516 3467 572 3515 ·vl1
586 3465 602 3516 6
618 3465 651 3513 Μ.
674 3466 772 3515 ‘dicam
786 3468 812 3516 in
827 3467 876 3518 hoc
892 3469 957 3517 libro
973 3467 1005 3516 de
1017 3464 1103 3514 uerbis
1118 3478 1184 3525 quae
1202 3465 1292 3527 apod-

174 3535 208 3582 tis
226 3540 284 3582 sunt
296 3533 381 3598 posita
401 3559 435 3567 —
455 3535 576 3600 incipiam
592 3534 667 3583 hinc:
686 3536 765 3583 unus’
782 3552 804 3585 e.
821 3553 845 3599 q.
862 3554 883 3586 s,
912 3537 951 3587 ef.
969 3535 1076 3585 Ouidius
1090 3533 1150 3582 Met.
1165 3532 1226 3581 XIV
1241 3532 1292 3582 812

175 3610 216 3651 ‘tu
237 3601 300 3651 milri
327 3600 435 3650 concillo
458 3604 586 3665 quondam
613 3613 747 3668 praesente
768 3604 873 3655 deorum
901 3606 985 3673 (Nam
1003 3617 1116 3653 memoro
1135 3602 1293 3668 memorique

153 3674 259 3722 ‘animo
273 3673 318 3736 pia
331 3671 409 3719 uerba
423 3670 524 3731 notaui)
546 3675 636 3722 Vnus
656 3674 983 3735 eritquemtntol‘les
1006 3675 1036 3722 in
1059 3672 1292 3722 caerulacaeli

175 3742 283 3792 Dixisti:
303 3748 358 3789 rata
371 3740 404 3788 sit
420 3743 556 3791 uerborum
572 3757 672 3791 summa
690 3746 809 3793 tuorum.’
837 3746 908 3795 ldem
922 3746 990 3794 Fast.
1007 3742 1097 3793 11485
1118 3742 1212 3792 ‘redde
1226 3743 1292 3807 patri

175 3820 274 3863 natum:
303 3811 421 3874 quamuis
438 3811 567 3861 intercidit
581 3811 646 3860 alter
652 3848 660 3872 ‚
679 3812 727 3862 Pro
748 3828 777 3862 se
791 3829 890 3879 proque
904 3815 983 3865 Remo
1000 3813 1043 3880 qui
1058 3812 1121 3862 mihi
1140 3819 1218 3861 restat
1235 3812 1291 3861 erit.

174 3937 383 3951 ‚—.—..-.

174 4024 227 4078 que
243 4007 329 4060 ceteri
341 4003 412 4058 libri.
437 4004 545 4057 eclatus
562 4003 608 4058 ubi
627 4001 962 4077 ScaliqerOoni.p.1sa.
980 4005 1084 4061 effatus
1101 4005 1163 4060 ibus
1181 4005 1293 4075 Lipsius

173 4092 234 4147 Ant
247 4091 322 4147 Lect.
339 4087 405 4146 ΙΙ4
511 4092 546 4146 63
565 4087 707 4158 Ceresque
724 4089 815 4161 Guels.
832 4089 999 4161 bAppulei‚
1023 4091 1087 4145 libri
1095 4091 1223 4161 plerique
1239 4089 1292 4144 Ca-

168 4177 261 4245 pellae
367 4178 401 4232 64
419 4174 507 4240 Iouis]
524 4173 646 4243 luppiter
663 4171 782 4230 Heriem.
800 4175 923 4245 Appulei
936 4191 971 4228 m.
987 4177 1053 4242 alt,
1075 4176 1140 4247 aliq.
1157 4174 1222 4229 libri
1239 4172 1293 4230 Oe·

168 4261 262 4331 pellae
365 4263 400 4318 66
415 4261 510 4316 cerula
524 4258 605 4316 Flor.
622 4260 733 4315 coelule
746 4257 844 4316 Houn.
