2932 4942
605 334 851 403 nnuruvias

694 500 756 569 =Lll

276 619 424 712 Cumque
444 623 543 709 caput
562 619 710 702 caderet,
737 622 870 688 carmen
891 620 971 687 tuba
993 621 1066 688 sola
1082 624 1212 714 peregit

273 723 315 791 Et
337 726 497 813 pereunte
515 723 587 790 uiro
608 744 743 793 raucum
762 745 868 791 sonus
890 745 966 792 aere
990 726 1142 792 cucurrit.

694 859 764 928 Llll

184 986 245 1047 510
274 976 421 1067 Corpore
440 974 596 1045 tartarino
617 979 783 1070 prognata
798 974 926 1044 Paluda
945 976 1075 1068 uirago‚
1098 1007 1101 1010 “

276 1079 335 1148 Cui
356 1103 418 1170 par
439 1080 542 1148 imber
562 1082 595 1148 et
614 1079 720 1171 ignis
749 1079 885 1169 spiritus
906 1083 938 1150 et
959 1081 1075 1171 granis
1096 1087 1183 1149 terra

694 1214 770 1286 nv
838 1293 841 1305 ,

275 1334 320 1401 At
340 1333 510 1429 Romanus
533 1332 649 1419 bomo,
674 1337 786 1405 tamen
807 1333 869 1403 etsi
888 1355 943 1402 res
967 1333 1050 1403 bene
1070 1336 1169 1425 gesta
1191 1337 1252 1415 est,

275 1434 382 1505 Corde
401 1457 465 1505 suo
483 1434 626 1525 trepidat

602 1610 612 1621 ν
697 1569 759 1640 LV

274 1686 353 1754 inde
373 1686 492 1755 Parum
518 1685 651 1778 [circum
669 1710 768 1781 quam
786 1689 919 1757 caerula
940 1686 1030 1756 salsa
1051 1685 1243 1777 ullulabant.

693 1835 769 1906 LVI

184 1964 245 2023 515
274 2005 877 2024 ...........
900 1976 1000 2023 unum
1024 1955 1056 2023 in

273 2055 395 2128 Susum
415 2077 515 2126 suros
534 2058 632 2128 lente:
656 2058 701 2127 ita
721 2057 1004 2153 enim-defendere
1024 2061 1175 2148 possunt.

170 2259 217 2306 ciis
237 2258 295 2306 etc·
331 2256 376 2306 Lli
394 2256 542 2307 Lactantius
560 2259 586 2309 in
599 2259 663 2312 Stet.
677 2263 758 2312 Theb.
776 2262 813 2312 XI
826 2260 861 2312 56
882 2262 998 2309 ‘carmen
1016 2259 1078 2308 tuba
1096 2259 1152 2308 sola
1172 2259 1284 2323 peregit:

172 2328 340 2377 Ennius...'
410 2326 469 2376 Llll
487 2328 569 2378 Varro
586 2329 619 2381 dc
631 2331 661 2381 L.
674 2333 705 2382 L.
727 2330 871 2382 v1137M.
892 2334 1016 2394 ‘corpore
1086 2329 1185 2394 uirago.
1215 2335 1286 2376 tar·

170 2397 278 2449 tarino
299 2410 315 2444 n
334 2404 429 2446 tartaro
447 2424 483 2432 -
502 2425 538 2434 -
563 2399 947 2467 955155515551515515551515115.1
979 2399 1076 2448 Probus
1095 2399 1122 2447 in
1136 2398 1214 2462 Verg.
1230 2397 1283 2447 Ecl.

168 2469 194 2525 tl,
213 2465 246 2517 31
267 2481 293 2531 p.
314 2465 346 2516 18
363 2466 428 2516 Keil.
455 2467 531 2517 ‘hoc’
553 2468 603 2533 (sc.
625 2470 758 2536 spiritum)
780 2470 873 2520 ‘illud’
899 2469 940 2534 (h.
963 2483 986 2517 5.
1009 2465 1108 2530 aerem)
1131 2471 1171 2516 ‘et
1189 2467 1286 2517 Ennius

168 2535 311 2602 appellauit
324 2536 350 2584 in
363 2536 512 2587 annalibus:
534 2535 604 2601 [510.
618 2540 702 2605 bll].’
730 2540 770 2591 Gi.
782 2541 871 2591 Festus
883 2553 910 2604 p.
922 2536 973 2589 359
982 2538 1016 2588 Μ.
1038 2535 1216 2586 ‘tar'tarino
1228 2552 1284 2585 cum

169 2607 234 2655 dixit
247 2605 358 2664 Ennius,
377 2604 505 2657 horrendo
519 2616 543 2657 51
557 2610 668 2660 terribili
681 2610 788 2660 Verrius
802 2609 857 2659 uult
872 2608 970 2673 accipi,
994 2620 1010 2656 a
1023 2615 1131 2666 tartaro,
1157 2607 1200 2668 qui
1215 2605 1286 2656 locus

168 2674 238 2740 apud
253 2674 367 2724 inferos)
437 2675 496 2726 LIV
517 2675 605 2727 Cicero
628 2680 660 2730 de
679 2680 850 2738 5551111142,
868 2677 917 2728 168
942 2677 1050 2726 ‘uidetis
1070 2675 1184 2742 prolecto
1205 2691 1286 2741 genus

170 2746 217 2794 iioc
230 2752 325 2803 totum,
345 2759 403 2793 cnm
417 2745 512 2795 inllexo
527 2757 732 2811 commutatoque
745 2749 824 2798 uerbo
838 2762 879 2797 res
895 2746 985 2796 eedem
1000 2747 1143 2795 enuntiatur
1156 2746 1284 2794 ornatius:

169 2815 209 2862 rui
223 2822 283 2862 sunt
295 2813 403 2862 finitima
417 2813 463 2863 illa
477 2850 534 2864 ....
555 2833 612 2866 cum
627 2818 742 2882 intellegi
755 2818 874 2866 uolumus
959 2822 1001 2863 arn
1015 2830 1111 2864 exuno
1127 2814 1229 2879 plures:
1247 2815 1285 2862 at'

169 2900 192 2931 e.
209 2898 234 2945 q.
247 2897 269 2930 s.
300 2881 392 2947 (Deest
411 2882 546 2947 lnErla)
616 2886 670 2935 LV.
690 2886 747 2935 LVl
771 2887 861 2936 Festus
882 2900 908 2949 p.
930 2882 982 2934 286
999 2884 1032 2934 Μ.
1058 2883 1184 2948 ‘rigido
1205 2882 1284 2947 [tum

170 2950 301 3000 caerula
320 2965 394 2999 suro
408 2966 466 3000 cnm
476 2952 520 3016 ait]
537 2953 634 3003 Ennius
647 2956 745 3004 iocatus
759 2955 861 3004 uidetur
877 2989 981 3002 .......
998 2951 1126 3016 [caeru]li.
1141 2960 1180 3001 est
1192 2953 1286 3001 anima

170 3022 248 3070 ntaris
260 3017 385 3082 no[miue.
401 3020 491 3070 eodem
506 3022 585 3071 uerbo
600 3023 748 3088 decadem]
766 3039 793 3072 rc
806 3038 869 3072 usus
883 3031 921 3070 est
935 3030 959 3070 et
978 3022 994 3070 l.
1011 3022 1047 3070 ll:
1069 3019 1152 3085 [XIX]
1169 3029 1193 3070 et
1207 3020 1284 3070 alibi:

170 3090 247 3139 iude
265 3089 377 3138 Parum
399 3125 547 3139 ..........
570 3091 723 3150 ulabant,
747 3094 840 3142 Parnm
859 3090 970 3141 insulam
990 3090 1076 3140 refert.
1105 3091 1181 3138 Item:
1204 3088 1284 3154 [LVl]

170 3161 237 3208 suri
257 3167 342 3207 autem
354 3165 413 3207 sunt
427 3158 522 3219 instes,
542 3168 567 3210 et
579 3160 784 3226 hypocoristicos
802 3161 916 3211 surculi.'
945 3160 1040 3209 Paulus
1053 3175 1079 3224 p.
1095 3157 1147 3209 299
1161 3159 1195 3208 Μ.
1217 3163 1285 3208 ‘su-

170 3245 236 3278 rum
257 3227 390 3287 dicebant,
418 3244 450 3278 cx
476 3243 526 3292 quo
544 3245 591 3295 per
612 3231 812 3281 deminutionem
830 3231 858 3279 ot
875 3230 1002 3279 surculus.
1043 3229 1154 3290 Enniusg
1176 3226 1285 3293 [LVl].'

170 3300 259 3348 Festus
282 3313 311 3363 p.
327 3295 379 3348 298
394 3297 427 3347 Μ.
456 3302 583 3348 ‘surum
603 3300 722 3352 dicebant
740 3305 773 3352 ex
795 3315 844 3364 qun
868 3299 927 3365 [per
945 3299 1146 3350 deminutionem
1169 3298 1286 3370 surculus

212 3479 264 3531 510
281 3489 401 3544 corpora
418 3472 479 3528 Vol.
491 3473 562 3529 Par.
574 3474 662 3531 Probi
744 3481 864 3532 tartareo
880 3474 990 3532 Probus
1075 3474 1179 3546 plaude
1190 3473 1286 3530 Huuu.

176 3558 321 3614 Varrcms.
335 3558 440 3630 palude
459 3559 520 3615 Vel.
533 3558 603 3615 Pur.
616 3560 704 3618 Probi
805 3566 858 3619 512
873 3561 912 3629 at]
928 3568 957 3617 ut
968 3561 1031 3616 Erl.
1044 3560 1171 3632 bellique
1181 3559 1246 3614 libri

212 3644 322 3698 tametsi
336 3644 400 3698 Eri.
415 3644 431 3699 0
445 3644 545 3717 aliique
559 3645 623 3701 libri
728 3652 780 3705 514
803 3646 868 3701 inde
883 3648 986 3702 Parum
1002 3647 1107 3702 circum
1124 3661 1207 3716 quam
1223 3661 1287 3699 cae·

171 3730 231 3784 ruia
249 3730 326 3786 salsa
341 3730 485 3785 ululabant
496 3729 536 3785 Η.
550 3730 697 3802 liberatus.
719 3730 785 3787 inde
801 3733 902 3787 Parum
920 3769 1081 3786 ..........
1097 3732 1211 3786 ulabant
1224 3729 1286 3784 eod.

169 3816 186 3869 l.
200 3815 230 3869 P.
246 3815 292 3870 cui
307 3815 420 3870 caerula
434 3816 462 3871 ui
480 3815 575 3872 ualida
589 3817 763 3872 assultabant
779 3816 810 3873 0.
822 3815 974 3872 Muellerus
1080 3821 1132 3872 515
1143 3829 1184 3884 sq.
1201 3829 1286 3868 unum

169 3916 285 3955 usurum
307 3917 390 3955 surus
411 3901 484 3954 lerre
508 3906 600 3955 tamen
622 3900 776 3956 detondere
798 3909 917 3973 possunt
937 3902 999 3956 cod.
1016 3901 1092 3956 Festi
1103 3915 1138 3970 p.
1152 3901 1215 3955 286.
1238 3913 1286 3951 rus

170 4000 267 4039 surum
286 4022 447 4040 ..........
462 4001 492 4040 55
507 3992 624 4056 possent
639 3987 700 4041 eod,
718 3988 795 4047 Festi
803 4004 836 4058 p.
851 3991 913 4044 198.
930 4003 1002 4041 unus
1020 4001 1102 4038 surus
1122 3998 1217 4034 surum
1234 3982 1287 4034 ier-

170 4075 226 4136 ret‚
246 4075 339 4123 tamen
354 4068 508 4125 defendere
522 4076 640 4141 possent
653 4070 769 4127 Paulus.
788 4087 843 4126 una
858 4069 961 4126 Surum
976 4085 1059 4124 surus
1074 4067 1174 4121 lerire:
1195 4071 1287 4118 tamen

171 4151 199 4206 d.
221 4160 340 4221 possunt
359 4154 397 4208 11.
422 4154 560 4226 llberpt'us
578 4162 606 4209 et
620 4155 681 4227 Fls.
705 4155 823 4226 [lupius.
850 4156 878 4208 in
901 4169 985 4208 unum
1007 4151 1109 4207 Surum
1132 4149 1169 4203 ad
1191 4165 1287 4206 surum

171 4238 255 4321 ferte:
278 4241 370 4291 tamen
386 4238 414 4293 d.
431 4245 550 4311 possent
564 4238 597 4293 0.
614 4237 767 4295 Muellerus
781 4240 821 4293 ud
834 4239 946 4294 Festum
955 4252 989 4308 p.
1005 4240 1059 4295 105
