2932 4942
171 353 257 402 cmv
366 316 369 321 ’
571 342 885 412 ovxssrrouss

172 520 253 570 erem
273 515 393 578 mittent,
417 511 481 565 dum
497 511 622 582 proelio,
645 512 743 567 deinde
764 527 802 569 eae
823 514 925 569 laetitio
949 515 1037 587 epulis
1058 512 1190 586 fatientes
1207 513 1284 586 quies

172 627 307 676 nocturna
327 618 416 672 hostes
432 624 589 688 premeret,
617 625 646 674 ut
667 620 706 673 ad
724 635 755 675 se
776 622 927 675 transirent
934 647 941 674 .·
974 637 1029 676 uno
1055 622 1163 692 numine
1191 620 1281 675 Cauar-

172 730 242 783 sium
269 725 391 780 obituum
419 738 539 778 esse-
557 753 600 762 -
616 723 650 777 P.
671 723 852 796 Sempronius
882 726 1033 781 Tuditanus
1056 725 1181 780 tribunus
1212 727 1282 780 miti-

173 842 228 891 tum
251 833 330 904 ‘cupi
350 846 416 902 erpo
437 831 575 885 mauultis'
597 832 684 902 inquit
703 831 751 885 ‘ub
773 833 937 886 auarissimo
957 837 984 886 et
1003 832 1190 887 crudelissimo
1207 832 1284 887 hoste

173 971 215 981 -
235 971 277 980 -
296 939 346 994 sed
364 942 510 1010 antequem
539 937 669 1006 opprimit
694 938 744 991 tatae
773 939 934 1009 maioreque
959 937 1075 993 bostium
1098 939 1208 1010 cymino
1236 935 1282 991 ob-

171 1050 301 1119 saepiunt
327 1048 393 1112 iter,
416 1056 473 1113 per
497 1040 547 1095 tos
574 1042 622 1112 qui
646 1043 798 1098 inordinati
824 1046 905 1115 utque
929 1044 1101 1113 incompositi
1126 1042 1285 1114 obstrepunt

167 1157 260 1227 portis
275 1149 471 1223 erumpamuc'
494 1177 536 1190 —-
551 1177 593 1187 —
613 1146 683 1202 boec
704 1149 751 1203 ubi
764 1149 836 1203 dicto
855 1149 935 1214 dedit,
956 1150 1065 1221 strinpit
1082 1147 1203 1220 ylodntm
1213 1162 1280 1201 etan

171 1275 256 1332 eoque
266 1258 344 1330 foeto
352 1273 407 1329 per
422 1257 524 1311 medios
536 1256 614 1310 uadit
626 1254 719 1310 bostis.
743 1250 816 1310 Hinc
838 1250 909 1310 licet
930 1250 1032 1310 borum
1056 1270 1190 1311 uersuum
1203 1247 1280 1309 XVI.

171 1360 263 1422 XVll.
280 1357 376 1418 XVlll
398 1376 502 1418 nexum
519 1357 676 1436 dispicere.
721 1356 785 1416 Nec
805 1358 843 1418 ita
859 1358 1030 1418 incredibile
1055 1368 1099 1420 est
1112 1359 1193 1418 Liuio
1217 1374 1281 1416 eum

172 1469 222 1529 illa
253 1474 389 1528 exararet
408 1465 527 1525 annales
547 1465 630 1525 Ennii
654 1466 829 1525 obuersatus
852 1483 929 1523 esse.
974 1464 1058 1524 Vnde
1073 1463 1184 1542 Hugius
1206 1462 1281 1522 adeo

129 1605 134 1615 ·
173 1576 246 1634 haec
275 1572 381 1633 uerba:
411 1577 481 1631 ionae
504 1579 551 1632 ubi
575 1579 648 1633 dieto
675 1579 827 1633 dedit
852 1575 953 1644 tostis,
985 1589 1060 1650 quae
1090 1570 1224 1651 procliue
1253 1569 1281 1626 in

173 1680 333 1741 hexametri
351 1697 499 1739 numerum
522 1679 731 1754 concederent,
753 1678 862 1738 Liuium
885 1695 901 1738 a
923 1685 1011 1756 poeta
1032 1688 1188 1740 mutuatum
1205 1676 1281 1736 arbi·

171 1787 310 1847 trabatur.
356 1785 395 1844 At
422 1785 451 1845 id
471 1787 594 1844 maxime
623 1795 727 1845 canent
750 1804 813 1845 cum
842 1783 891 1844 alii
920 1785 1082 1862 scriptores
1104 1794 1162 1845 tum
1184 1782 1280 1843 Liuius

172 1913 208 1954 ne
241 1892 373 1973 pedestri
413 1893 536 1952 orationi
569 1911 672 1952 uersus
704 1893 892 1951 inmisceant:
931 1890 1027 1950 inuitis
1058 1889 1194 1949 excidunt
1222 1905 1280 1947 non

171 2019 323 2078 numquam
357 2007 405 2060 aut
431 2017 536 2058 uersus
565 2008 614 2059 aut
640 1998 795 2058 simulacra
828 2014 973 2056 uersuum.
1025 1992 1070 2054 Ci.
1102 1993 1280 2055 Boetticberi

170 2107 300 2167 Lexiccn
313 2106 463 2166 Taciteum
478 2124 506 2184 p.
519 2103 623 2166 XCVI.
667 2104 706 2164 Vt
725 2103 811 2164 ualde
834 2103 1002 2163 mirabiliter
1022 2121 1056 2162 ac
1078 2089 1198 2181 praeter
1211 2116 1279 2159 ecn-

173 2211 352 2272 suetudinem
383 2209 479 2271 Liuius
510 2211 568 2269 hoc
601 2210 669 2271 locu
700 2212 797 2271 sciens
830 2228 865 2270 ac
888 2210 991 2270 uolens
1021 2211 1136 2288 integra
1171 2216 1279 2288 poetae

172 2318 262 2378 uerba
284 2337 321 2377 ne
343 2317 472 2393 mitigato
494 2315 608 2395 quidem
631 2327 679 2379 aut
702 2318 859 2378 obscurato
882 2334 1001 2375 numero
1025 2317 1156 2376 insuam
1181 2332 1279 2373 narra·

170 2426 279 2484 tionem
307 2424 526 2501 adsumpsisset.
572 2422 628 2497 Qui
656 2422 787 2503 quidem,
817 2424 894 2503 qnod
922 2422 1051 2483 Naelxius
1078 2421 1282 2502 suspicabatur

172 2530 280 2609 Opusc.
309 2530 322 2590 l
350 2548 379 2608 p.
410 2527 486 2604 212,
524 2547 663 2588 neceam
700 2548 785 2608 quam
806 2528 929 2589 Orosius
958 2529 998 2588 lv
1023 2530 1036 2587 1
1066 2527 1152 2588 tradit
1179 2527 1281 2602 Pyrrhi

172 2637 391 2714 inscriptionem
411 2634 501 2713 (Anu.
519 2634 559 2694 Vl
581 2633 617 2693 ir.
639 2633 710 2714 Xll)
738 2636 821 2696 saluo
844 2644 937 2696 metro
955 2643 1128 2713 receperat,
1159 2643 1188 2693 et
1216 2652 1279 2693 cum

172 2742 321 2802 celebrem
348 2732 429 2800 iacit
459 2740 574 2800 laudem
596 2739 753 2802 Ennianum
779 2743 870 2821 (Anu.
894 2741 936 2802 lX
966 2742 1001 2801 ir.
1024 2739 1108 2821 Vlll)
1141 2740 1279 2815 referret,

172 2867 288 2909 sensum
317 2854 443 2927 poetae,
458 2848 460 2854 ’
477 2864 535 2905 non
560 2865 710 2907 numerum
735 2866 839 2907 uersus
878 2850 989 2909 curauit
1013 2844 1097 2908 XXX
1123 2846 1178 2909 26:
1211 2850 1282 2906 nibil

171 2964 272 3016 certius
298 2967 338 3015 est
364 2975 447 3030 quum
474 2975 559 3014 unum
587 2958 722 3016 bominem
750 2959 827 3015 nobis
853 2961 1007 3015 cunctando
1034 2975 1093 3014 rem
1121 2959 1279 3026 restituisse,

168 3071 241 3123 sieut
264 3067 373 3122 Ennius
394 3068 441 3121 uit.
485 3059 549 3121 Nec
572 3061 690 3121 multum
713 3079 771 3140 quo
794 3079 911 3120 uersum
935 3079 1002 3120 esse
1022 3062 1205 3122 demonstres
1229 3078 1278 3120 ua·

170 3168 211 3228 let
232 3167 307 3228 baec
330 3167 439 3227 locutio
462 3171 598 3227 taeenti
617 3172 690 3226 dieto
715 3171 805 3242 dedit,
833 3184 888 3244 qua
912 3177 1050 3246 usurpata
1072 3169 1188 3248 quidem
1213 3177 1279 3228 ante

170 3293 186 3335 a
210 3276 307 3353 poetis
329 3273 384 3352 (ci.
398 3274 525 3334 Lucilius
543 3273 556 3333 l
575 3275 594 3332 7
612 3272 762 3349 Vergilius
783 3271 857 3332 Aen.
879 3273 905 3334 ll
927 3274 988 3335 790
1013 3274 1211 3355 vilarcel.)
1234 3274 1278 3344 Li·

168 3382 234 3440 uius
256 3379 378 3439 subinde
401 3398 470 3438 usus
490 3388 546 3455 est,
568 3379 606 3438 ci.
630 3375 744 3438 V1133
766 3376 916 3441 Drakenb.
962 3382 1074 3457 Quare
1097 3383 1187 3443 reieci
1209 3391 1279 3442 tam·

170 3503 255 3564 quam
275 3485 347 3545 Liuii
371 3484 461 3545 uerba
484 3486 587 3563 quibus
612 3485 723 3562 Hugius
746 3484 896 3548 liberalius
922 3487 1006 3549 Ennii
1033 3489 1174 3568 reliquias
1197 3490 1278 3550 locu·

171 3593 305 3672 pleturat.

253 3697 354 3758 Verbo
386 3707 501 3775 tangam
531 3696 566 3755 ir.
596 3695 663 3756 XVI
691 3715 748 3775 quc
777 3697 889 3759 Merula
917 3700 1033 3761 Poenos
1062 3709 1204 3762 tormenta
1227 3702 1278 3760 mi·

168 3815 270 3867 nantes
292 3803 436 3882 Regulum
464 3803 644 3883 compellare
671 3803 882 3865 arbitrabatur:
912 3813 1032 3882 amptius
1062 3828 1203 3886 exouqere
1231 3813 1278 3868 ob-

166 3920 236 3990 stipo
257 3917 357 3972 lumine
376 3916 456 3976 solas,-
478 3911 616 3988 quocirca
647 3911 720 3970 mirc
746 3929 801 3990 qua
831 3911 881 3970 ille
913 3914 1000 3972 utitur
1028 3914 1111 3974 crisis
1141 3914 1278 3993 exemplo

168 4029 198 4080 et
218 4025 360 4096 eucapiae
379 4016 468 4076 scribi
491 4025 521 4076 et
537 4034 654 4075 uersum
676 4035 714 4076 ex
736 4026 842 4076 octauo
861 4017 989 4096 relegari
1011 4019 1039 4077 in
1061 3997 1213 4099 septimium
1236 4021 1277 4079 iu·

167 4124 227 4184 bet.
273 4126 394 4186 Sensum
417 4131 536 4202 poetae,
560 4142 645 4201 quern
668 4142 704 4182 ne
728 4121 857 4182 Xcenius
870 4124 984 4202 quidem
1009 4125 1132 4204 prem.
1151 4125 1277 4184 Darmst.

170 4229 248 4291 1841
273 4250 300 4291 n.
328 4208 571 4307 istiusdem,
600 4229 712 4307 Hugius
735 4232 869 4308 percepit
898 4239 927 4291 et
949 4231 1156 4310 supplemento
1179 4246 1277 4290 exem·
