2932 4942
614 331 845 387 ΕΝΝΙΑΝΑΕ
1192 337 1281 385 XLIII

172 501 221 577 qui
244 500 339 557 Seruii
360 500 486 559 cadauer
507 499 535 556 in
548 500 593 557 uia
612 506 786 576 prostratum
805 496 974 556 adhortante
987 495 1080 555 Tullia
1092 494 1282 553 transuehere

173 623 231 664 non
253 605 412 666 abborruit.
459 603 503 664 Gi.
525 604 621 663 Liuius
644 604 656 663 Ι
678 604 728 663 48.
752 602 871 662 Ouidius
889 599 967 658 Fast.
988 599 1028 658 vI
1049 601 1110 660 605
1129 618 1232 676 corpus
1253 611 1283 659 ut

172 717 292 787 aspecit,
315 716 438 770 lacrimis
459 717 559 786 (ttrripu
574 713 705 785 profusis
717 713 831 768 Restitit.
855 711 929 765 baruc
950 712 999 765 tuli
1017 712 1281 783 corrupitilluscuo:

173 821 287 893 ‘Vadas
309 839 347 876 uu
369 825 501 894 erepeclus
522 823 645 891 pretium
663 822 776 891 pietatis
798 821 951 872 umorum?
983 816 1054 884 Duc,
1074 817 1195 885 iuquam,
1211 816 1282 869 r‘raui-

172 933 216 981 tcs
233 929 297 998 ipsu
318 942 374 998 per
393 943 444 981 oru
473 929 574 981 rotasi'
599 929 681 985 Certa
702 928 774 998 fides
794 926 872 997 facti.
923 917 970 976 Fr.
1001 914 1078 989 ΧΙΙΙ,
1103 917 1179 992 quod
1199 916 1282 988 heroi

172 1047 278 1088 uersus
303 1028 423 1088 formam
451 1028 580 1105 llbergio
614 1039 766 1107 acceptam
797 1026 906 1099 refert,
943 1020 1134 1102 probabiliter
1165 1021 1215 1081 Ille
1247 1021 1282 1080 ad

173 1134 320 1212 Tarquinii
341 1151 389 1191 res
414 1133 517 1192 refert.
564 1135 620 1209 Qui
638 1154 702 1195 cum
714 1136 827 1194 somnio
839 1150 887 1208 eo,
911 1131 988 1209 quod
1001 1149 1017 1188 e
1030 1128 1119 1186 Bruto
1136 1127 1219 1187 Accii
1236 1123 1282 1185 Ci-

174 1257 246 1300 cero
269 1241 307 1300 de
334 1239 391 1298 diu.
417 1237 501 1314 122,
525 1242 564 1299 44
587 1240 758 1319 (Ribbeckii
779 1240 866 1315 Trag.
889 1238 950 1297 Lat.
975 1235 1028 1295 rel.
1060 1253 1089 1314 p.
1120 1233 1197 1312 238)
1225 1242 1282 1292 tra·

172 1347 259 1422 didit,
287 1346 461 1424 perterritus
484 1356 581 1421 esset,
612 1346 829 1407 coniectorIbus
851 1347 899 1423 qui
928 1352 958 1401 ut
986 1339 1062 1419 apud
1091 1340 1211 1399 Accium
1240 1336 1283 1397 itti

175 1450 276 1527 (Ribb.
301 1452 320 1510 Ι.
343 1450 363 1510 Ι.
388 1470 415 1529 p.
437 1450 514 1532 239)
544 1456 635 1513 uisum
658 1456 685 1513 in
709 1455 811 1514 matam
840 1460 952 1530 partem
978 1447 1160 1525 interpretati
1184 1453 1283 1503 esseut

174 1558 267 1635 potuit
289 1559 318 1615 in
339 1558 414 1617 hanc
435 1562 606 1621 sententiam
628 1566 730 1637 aliquot
747 1565 854 1618 somnia
874 1577 945 1617 uera
963 1575 1037 1630 esse,
1065 1563 1095 1611 ut
1114 1557 1205 1611 omnic
1226 1572 1282 1610 nou

173 1682 234 1722 csse
259 1683 370 1723 necesse
396 1667 596 1743 respondere:
633 1668 686 1725 nisi
715 1664 839 1724 Tulliam
872 1662 919 1721 uel
949 1661 1035 1719 alium
1065 1659 1167 1717 nescio
1196 1675 1282 1736 quem

173 1757 360 1847 Tarquinium
380 1788 490 1846 angore
515 1791 688 1851 percussum
708 1772 765 1830 boc
787 1770 865 1829 dicto
890 1766 1070 1827 consolatum
1091 1783 1158 1823 esse
1180 1766 1280 1823 mauis.

172 1876 312 1952 Sequitur
334 1874 483 1935 calamitas
506 1877 675 1937 Lucretiae:
703 1878 761 1937 boc
780 1894 865 1954 quem
885 1873 1033 1934 Charisius
1056 1870 1081 1929 II
1104 1889 1133 1949 p.
1161 1870 1216 1930 181
1250 1871 1280 1929 Ρ.

173 1981 260 2040 tradit
283 1981 430 2040 uersiculo
460 1987 507 2041 tibi
530 1991 587 2043 uita
616 1988 672 2044 Seu
698 2003 774 2043 mors
798 1989 826 2041 iu
848 1984 949 2040 uruudo
968 1989 1009 2038 cst
1030 1979 1102 2053 (Inc.
1126 1978 1188 2037 sed.
1212 1976 1281 2055 XI),

173 2089 281 2146 Sextus
300 2087 471 2165 Tarquinius
501 2089 618 2168 adloqui
643 2091 804 2150 Lucretiam
832 2087 964 2162 uidetur,
999 2084 1075 2143 conl.
1099 2082 1180 2141 Liuio
1203 2083 1215 2142 I
1241 2082 1281 2143 58

167 2183 242 2250 ‘tuce
264 2195 404 2252 lucretiu'
427 2201 529 2271 inquit,·
558 2201 636 2256 ‘Sec
662 2200 830 2270 Tarquinius
848 2213 926 2257 sum,·
945 2194 1057 2267 ferrum
1077 2196 1105 2250 iu
1124 2211 1209 2248 mauu
1226 2198 1284 2252 est,-

173 2305 292 2357 mcricre
320 2305 346 2357 si
370 2308 494 2361 emiseris
515 2309 630 2362 uocem'.
675 2300 787 2360 Eodem
813 2297 911 2357 refero
940 2295 976 2355 ir.
1000 2295 1066 2355 XIV
1090 2304 1120 2354 et
1141 2293 1211 2353 XV:
1247 2313 1282 2353 ac

172 2403 261 2464 Lares
280 2404 396 2480 quidem
416 2407 623 2483 percommode
642 2406 776 2465 Lucretia
793 2405 908 2477 dicitur,
932 2403 1008 2462 domi
1025 2410 1211 2478 attemptata,
1232 2402 1281 2458 im·

175 2509 293 2586 plorare
319 2511 500 2589 eandemque
531 2512 605 2571 deos
635 2511 671 2570 de
707 2511 872 2570 Innocentio
901 2517 1091 2569 antestantem
1122 2515 1151 2566 in
1177 2513 1282 2567 coelum

171 2620 255 2674 stellas
269 2619 437 2692 scalpentibus
459 2627 553 2692 aptum
576 2620 737 2695 'suspexisse
759 2617 942 2678 crediderim.-
981 2615 1066 2674 Vnde
1096 2631 1282 2693 consequens

172 2729 229 2796 est,
253 2731 283 2780 ut
305 2740 405 2781 eorum
428 2741 564 2783 uersuum
585 2724 658 2784 ordo
680 2710 850 2783 inuertatur.

257 2827 393 2901 Quarti
413 2830 519 2889 annal
530 2831 559 2888 is
577 2834 625 2909 qui
640 2840 736 2891 notam
754 2829 902 2908 praeierat
917 2846 990 2886 unus
1003 2826 1089 2886 bodie
1103 2836 1182 2886 extat
1194 2845 1210 2886 a
1222 2824 1281 2884 Ma·

177 2933 279 2993 crobio
303 2937 363 2994 Sat.
388 2935 459 2994 Vll
486 2956 514 3014 p.
535 2939 597 2998 499
620 2939 682 2996 lan.
706 2937 827 2996 traditus
853 2934 1032 2994 uersiculus:
1062 2911 1184 2992 Romani
1199 2937 1282 2990 oculis

171 3059 278 3099 mannua
298 3048 423 3101 uuuutur
444 3061 525 3115 opum
547 3049 578 3101 ui
599 3042 673 3120 (V):
701 3060 718 3100 e
742 3058 800 3119 quo
824 3049 931 3099 tantum
959 3039 1043 3098 abest
1072 3046 1102 3095 ut
1132 3037 1168 3096 de
1196 3055 1281 3112 argu-

171 3155 268 3206 mento
292 3146 358 3205 libri
382 3146 579 3204 coniecturam
603 3163 712 3224 capere
734 3147 840 3219 liceat,
864 3153 894 3203 ut
917 3163 953 3202 ne
973 3144 1010 3203 de
1032 3152 1135 3201 tenore
1166 3142 1281 3220 quidem

172 3254 219 3310 cui
242 3251 292 3309 ille
315 3250 551 3311 accommodatus
564 3253 601 3310 sit
614 3253 766 3330 quicquam
785 3252 956 3310 adfirmarim
969 3248 1171 3309 confidentius.
1199 3247 1280 3306 Liuio

76 3337 86 3354 ⁰
172 3357 265 3417 ascito
286 3356 335 3433 qui
358 3355 397 3414 {V
412 3353 452 3413 59
468 3354 506 3414 de
522 3355 649 3417 Anxuris
668 3358 748 3417 urbis
768 3358 984 3437 expugnatione
996 3361 1035 3416 acl
1046 3376 1125 3432 quem
1140 3361 1281 3416 tremultum

172 3462 263 3541 inquit
284 3464 466 3538 obstupefacti
488 3469 537 3539 qui
561 3468 699 3524 aduersus
722 3471 839 3526 Fabium
864 3470 959 3525 urbem
987 3469 1110 3539 infimum
1138 3467 1282 3522 tuebuntur

170 3575 259 3628 locum
292 3573 392 3628 dedere
426 3574 519 3628 scalas
546 3574 713 3631 admouendi
720 3603 727 3631 .·
755 3578 896 3648 plenoque
923 3574 1037 3630 bostium
1064 3580 1164 3629 cuncta
1191 3579 1282 3641 eruut,

171 3675 237 3734 uide
253 3693 318 3734 oum
336 3678 364 3735 in
383 3685 516 3735 enarrata
537 3677 598 3735 elus
621 3676 700 3736 urbis
723 3677 898 3737 obsessione
916 3675 1045 3737 EnnIana
1066 3674 1166 3735 sedem
1188 3677 1278 3734 uersi·

171 3781 254 3841 culus
277 3784 477 3842 nanciscatur:
501 3791 532 3840 ut
553 3792 619 3841 ante
643 3784 679 3842 ir.
703 3782 743 3843 IIt
764 3783 801 3843 de
825 3799 883 3860 quo
907 3782 980 3841 infra
1000 3782 1093 3842 dicam
1123 3781 1278 3841 conlocan-

169 3886 223 3946 dus
242 3889 289 3948 sit.
340 3887 379 3947 At
407 3888 435 3945 in
462 3904 584 3966 quanam
609 3887 688 3948 urbis
716 3889 838 3949 alicuius
867 3890 1086 3966 oppugnatione
1110 3887 1161 3947 tali
1190 3902 1278 3943 uersu

169 3994 209 4051 uti
236 3993 346 4054 Ennius
371 4010 428 4052 non
459 3992 572 4070 potuit?
603 3993 648 4054 Ne
671 3995 744 4068 fines
773 3996 888 4073 quidem
917 3995 1001 4055 huius
1029 3992 1139 4052 annalis
1169 3991 1277 4049 certius

170 4101 237 4176 poni
261 4109 397 4179 possunt:
427 4101 463 4159 ab
488 4101 574 4159 initiis
597 4103 639 4160 rei
663 4101 799 4179 pubIIcae
818 4119 883 4160 eum
913 4117 1050 4159 exorsum
1074 4113 1153 4168 esso,
1182 4111 1278 4153 rerum

169 4205 372 4266 narrandarum
392 4222 553 4285 progressu
576 4208 711 4284 exigitur.
758 4207 803 4266 Ac
821 4209 940 4285 primurn
961 4208 989 4263 in
1010 4204 1086 4263 bunc
1098 4199 1201 4259 librum
1215 4199 1277 4261 bel·
