2932 4942
169 351 229 396 1.1v
572 330 885 402 ovnusrtorttss

169 504 296 580 Pyrrhus
324 502 393 562 dicit
419 502 482 560 siue
505 497 628 575 Cineas,
659 499 810 558 uictoriam
832 498 947 558 scilicet
967 495 1197 558 Heracleensem
1224 515 1283 557 non

169 611 262 671 luisse
286 609 453 682 uictoriam,
476 606 610 685 quoniam
632 604 753 664 Romani
771 624 804 665 se
822 607 917 665 uictos
939 622 995 664 non
1018 604 1187 664 latereutur.

256 712 357 773 Asculi
385 731 509 792 pugnam
532 730 616 771 unum
638 710 782 788 significat
806 710 940 770 indicium
964 710 1001 770 de
1023 709 1134 785 Decio,
1163 717 1195 769 ut
1214 712 1282 772 milri

170 825 263 883 uisum
284 830 346 897 est,
373 828 499 898 nepote,
530 819 578 895 qui
602 818 677 896 apud
693 816 814 876 Ennium
841 819 931 896 patris
953 818 1058 896 auique
1076 818 1214 896 exemplo
1237 817 1284 878 dis

170 929 301 990 manibus
329 946 362 987 se
393 925 556 986 deuouerit.
602 923 694 997 Quam
724 941 785 982 rem
811 933 909 982 notum
937 931 983 981 est
1010 942 1026 983 a
1049 922 1129 982 nullo
1157 925 1282 1003 scripto-

172 1033 381 1092 rememorari
412 1041 530 1111 praeter
552 1028 726 1089 Ciceronem
751 1029 855 1107 (Tusc.
874 1027 887 1088 l
908 1026 967 1103 37,
991 1028 1041 1089 89.
1064 1029 1100 1090 de
1124 1031 1171 1089 llo.
1198 1031 1227 1090 b.
1252 1040 1283 1091 et

171 1157 208 1197 m.
227 1136 328 1214 1119,
351 1139 401 1200 61;
420 1139 457 1198 οῖ.
482 1136 672 1198 Freinshemii
693 1135 843 1214 supplem.
866 1134 936 1193 Liuii
953 1133 993 1194 lll
1010 1134 1083 1214 42);
1109 1156 1195 1216 quern
1213 1136 1282 1198 llic·

172 1244 290 1304 buhrius
312 1244 385 1304 Hist.
407 1245 489 1305 Rom.
506 1243 547 1304 lll
570 1241 632 1303 592
656 1260 795 1321 perquam
816 1239 1008 1318 probabiliter
1030 1261 1094 1304 earn
1115 1247 1283 1305 memoriam

173 1349 309 1408 exEnnii
331 1352 482 1412 annalibus
504 1351 637 1411 hausisse
658 1349 821 1409 arbitratur.
860 1345 898 1405 Vt
913 1345 984 1406 nihil
1000 1348 1100 1408 obstet
1118 1352 1283 1427 quominus

172 1454 224 1514 has
245 1473 353 1534 preces
374 1475 446 1535 quas
467 1458 502 1517 fr.
523 1456 619 1517 XVlll
641 1456 733 1516 relert
755 1455 840 1514 Decii
861 1471 929 1513 esse
948 1455 1153 1515 existimemus.

259 1562 381 1624 Restant
402 1545 455 1623 tria
474 1564 635 1641 fragmenta
655 1561 750 1641 (xlx.
773 1560 837 1620 XX.
861 1559 963 1638 XXl)‚
984 1578 1059 1639 quae
1075 1561 1140 1622 fere
1156 1581 1215 1623 non
1231 1565 1283 1626 du·

173 1669 233 1728 bito
257 1672 326 1748 quin
348 1687 364 1728 e
383 1670 472 1729 rebus
488 1670 523 1730 ad
538 1670 735 1729 benenentum
750 1668 842 1745 gestis
859 1667 1031 1744 deprompta
1048 1667 1114 1726 siut.
1149 1668 1192 1730 lta
1208 1671 1283 1731 enim

173 1772 344 1834 Plutarchus
360 1776 396 1835 de
411 1775 522 1851 Pyrrho
538 1777 574 1836 ad
593 1785 688 1835 castra
704 1774 833 1833 Romana
848 1772 1055 1851 proficiscente
1073 1790 1100 1832 c.
1117 1773 1173 1834 25:
1196 1771 1284 1838 σπεύ-

174 1877 236 1936 δων
256 1865 313 1939 οὖν
334 1871 350 1940 ὃ
366 1874 487 1962 Πύρρος
509 1880 670 1943 ἐπιθέσθαι
684 1874 806 1954 τούτοις,
827 1877 900 1958 πρὶν
914 1877 1043 1950 ἐκείνους
1060 1868 1206 1957 ἐπελθεῖν,
1229 1873 1283 1944 ἄν·

174 1982 247 2062 δρας
270 2006 299 2044 τε
326 1977 395 2059 τοῖς
423 1988 594 2067 κρατίστους
619 1985 671 2046 καῖ
698 1989 757 2046 τῶν
777 1985 894 2067 θηρίων
914 1974 952 2045 τα
972 1978 1162 2063 μαχιμώτατα
1184 1977 1285 2065 λαβὼν

175 2109 313 2159 υυιιτος
333 2082 502 2169 ὥρμησεν
523 2082 585 2154 ἐπὶ
613 2081 651 2151 τὸ
673 2084 938 2172 στρατόπεδον.
981 2081 1122 2172 περιϊόντι
1148 2087 1180 2150 δὲ
1201 2080 1283 2176 αὐτῷ

175 2187 295 2272 μακροῖν
321 2192 372 2254 ιιαῖ
399 2197 521 2258 δασεῖαν
541 2189 626 2270 ὅλαις
651 2188 724 2259 ὁδὸν
750 2189 820 2258 οὖν
849 2187 1003 2276 ἆντέσχε
1031 2185 1073 2256 acl
1096 2185 1202 2273 φῶτα
1233 2193 1285 2256 καῖ

173 2290 285 2360 πλάναι
316 2304 377 2374 τοῖς
405 2297 595 2382 στρατιώταις
622 2303 794 2382 συνέτυχον·
828 2300 878 2362 sci
905 2301 972 2384 περὶ
1004 2306 1096 2365 ταῦτα
1128 2300 1285 2383 χινομένης

175 2403 329 2484 διατριβῆς
349 2399 370 2486 ἦ
395 2429 431 2468 τε
457 2399 522 2484 νὺξ
543 2407 692 2471 ἐπέλιπε
713 2407 776 2469 uui
791 2393 1074 2487 καταφανὴςῆν
1089 2399 1148 2487 ἅμ’
1166 2399 1285 2494 ἡμέρᾳ

175 2514 256 2582 τοῖς
282 2514 482 2591 πολεμίοις
503 2504 757 2598 ἐπερχόμενος
779 2504 852 2575 cinis
872 2517 944 2575 τῶν
966 2507 1106 2597 ῖῖιιροιν,
1136 2507 1208 2575 ὥστε
1227 2512 1284 2576 θό-

176 2618 269 2696 ρυβον
290 2610 385 2680 πολὺν
407 2617 459 2680 ιιαῖ
484 2622 602 2699 κίνησιν
619 2623 789 2699 παρασχεῖν.
835 2618 879 2681 Gi.
903 2620 1078 2682 Niebuhrius
1101 2622 1174 2682 ilist.
1199 2621 1282 2681 Rom.

174 2722 215 2784 lll
237 2723 307 2786 608.
352 2725 386 2784 Ei
407 2725 552 2786 Plutarchi
569 2727 724 2786 narrationi
743 2743 800 2784 non
816 2725 912 2787 habco
931 2730 1009 2807 quod
1027 2729 1063 2790 ad
1081 2728 1283 2789 commendan-

176 2832 240 2890 dam
266 2831 381 2890 illorum
403 2850 539 2891 uersuum
571 2833 803 2891 conlocationem
833 2842 881 2892 aut
910 2852 1026 2893 sensum
1057 2851 1157 2894 eorum
1188 2835 1283 2914 aperi·

174 2937 278 2998 endum
316 2938 448 2998 adiciam.
506 2936 537 2996 ln
570 2947 702 2997 extremo
735 2936 810 2996 libro
842 2937 920 2997 illam
958 2958 974 2999 a
1003 2937 1148 2999 Cicerone
1181 2940 1219 2999 de
1249 2958 1282 3000 re

174 3044 292 3123 publica
318 3042 359 3104 lll
387 3046 422 3122 3,
454 3046 628 3105 6traditam
654 3044 697 3104 Μ’
728 3043 807 3104 Curii
835 3045 949 3105 laudem
973 3047 1122 3123 egregiam
1148 3047 1282 3126 adposui,

173 3169 230 3211 non
257 3151 480 3231 inprobabiliter
507 3153 629 3231 opinor,
658 3154 683 3213 si
713 3170 809 3212 rerum
839 3152 866 3208 in
895 3161 1025 3211 extremo
1053 3152 1176 3212 maxime
1201 3151 1282 3212 bello

174 3275 190 3316 a
214 3255 302 3316 Curio
325 3266 472 3333 gestarum
495 3266 524 3315 et
546 3258 709 3317 ubertatem
731 3267 761 3317 et
780 3257 971 3333 granditatem
995 3257 1171 3335 respicias..
1193 3257 1283 3318 Extu-

175 3362 241 3420 lerit
270 3363 356 3437 igitur
381 3364 460 3422 illum
485 3381 601 3422 uersum
623 3362 733 3422 Ennius
754 3364 803 3422 uel
826 3365 854 3422 in
877 3362 1040 3423 enarrando
1064 3362 1198 3441 triumphi
1220 3365 1284 3422 eius

175 3483 233 3543 quo
256 3470 332 3524 ‘uon
356 3467 505 3544 pulchrior
525 3467 600 3526 ullus
620 3476 668 3526 aut
689 3469 854 3545 speciosior
877 3471 905 3529 in
925 3468 1025 3528 urbem
1044 3468 1175 3527 intrauit'
1199 3467 1283 3546 (Flo-

175 3570 405 3649 rusEpit.113
429 3590 458 3650 p.
477 3571 516 3632 25
533 3571 632 3651 Jahn.)
655 3573 813 3650 splendore
835 3594 870 3634 ac
892 3575 1115 3652 magnificentia.
1153 3573 1198 3634 Ac
1216 3576 1283 3635 dum

175 3679 301 3736 uirorum
330 3678 378 3754 qui
407 3674 464 3735 hoc
490 3676 570 3735 bello
599 3676 764 3738 claruerunt
791 3689 847 3739 tam
872 3681 949 3741 domi
974 3679 1179 3759 praestantiam
1198 3697 1284 3757 quam

125 3865 129 3873 ι
173 3782 292 3842 militiae
319 3783 452 3841 uirtutem
480 3782 618 3842 aduerto:
654 3786 702 3844 uel
734 3785 861 3847 Fabricii
892 3789 1072 3863 memineris,
1110 3786 1178 3863 ‘qui
1209 3785 1282 3846 dilli-

175 3889 258 3948 cilius
294 3887 330 3948 ab
371 3889 473 3947 itinere
510 3890 576 3948 iusti
617 3899 646 3950 et
684 3890 798 3952 honesti
841 3911 925 3971 quam
962 3913 978 3954 a
1016 3911 1102 3954 cursu
1139 3907 1192 3950 suo
1237 3891 1283 3950 sol

174 3995 266 4053 auerti
297 3993 407 4071 potuit'
434 4003 462 4053 et
491 3996 553 4054 eius
574 4017 653 4072 quaem
675 4017 753 4057 namo
772 4003 853 4074 ferro
877 4019 928 4058 nec
949 4021 1020 4060 αιιτο
1041 4016 1180 4076 superare
1194 4003 1287 4073 potuit

174 4099 371 4178 aliorumque:
405 4099 538 4159 ‘illorum
562 4109 724 4179 temporum
753 4105 883 4179 speciem
912 4104 1064 4182 amplexus
1086 4104 1180 4164 animo
1201 4103 1282 4162 uide·

174 4210 219 4260 tur
248 4211 351 4282 potita,
380 4225 443 4267 cum
472 4210 592 4265 moribus
616 4213 738 4284 uirisque
764 4214 883 4286 antiquio
909 4228 969 4269 rem
996 4215 1153 4272 Romanum
1178 4216 1284 4270 obtuse
