2932 4942
601 358 845 428 nunlovlna

701 528 747 598 XI

269 645 387 816 peppo
407 645 508 714 eorde
527 645 632 714 cornis
652 647 779 738 sparsis
799 648 909 737 passis
928 646 1005 718 Iatu'
1023 646 1141 740 palmis

303 769 349 816 cn
364 769 402 817 er

632 908 635 913 .
693 851 753 921 XII
811 866 814 870 ’

273 967 445 1057 .pinsunt
464 972 584 1071 terram
604 971 769 1063 genibus,
853 941 856 947 Ι

686 1120 761 1192 Xffl
833 1133 841 1139 .

183 1243 245 1304 355
273 1235 314 1303 Et
331 1234 428 1304 simul
449 1237 579 1307 enrbuit
595 1261 656 1308 eeu
680 1239 764 1309 Iacto
784 1245 817 1309 et
837 1262 986 1330 purpura
1007 1239 1118 1308 mixte.

394 1338 401 1354 .
559 1358 567 1377 .
683 1390 763 1474 XW

396 1557 405 1573 .
458 1527 578 1574 cursus
600 1506 801 1600 quingentos
814 1531 927 1615 ³saepe
946 1509 1054 1578 ueruti

692 1659 760 1728 XV

271 1775 417 1843 Incertus
445 1774 486 1843 de
513 1774 616 1843 uerbo
643 1783 684 1845 29
719 1775 829 1862 (AneI.
851 1776 994 1845 Vindob.
1016 1799 1048 1866 p.
1068 1778 1141 1865 162)
1173 1780 1211 1843 ‘e
1237 1775 1281 1843 Iio

168 1880 184 1947 I
188 1880 271 1947 iere
299 1899 376 1947 esse
400 1876 554 1961 deberet,
581 1878 642 1947 sed
661 1877 737 1949 lieet
761 1900 846 1947 usus
872 1879 967 1948 aliter
991 1879 1169 1969 optinuerit
1195 1878 1281 1968 (fieri

168 1982 254 2050 enInr
278 2003 365 2049 nune
394 1979 543 2071 dicitur),
574 1980 701 2050 Ennius
728 1983 895 2051 tamenin
926 1983 958 2052 X
982 1982 1148 2051 annalium
1176 1982 1282 2051 fiere

168 2085 265 2169 dixit,
289 2107 357 2154 non
376 2083 469 2154 fieri?
766 2086 770 2092 ’

607 2284 765 2366 LIBER
795 2283 841 2366 XI

700 2491 744 2564 μ

272 2625 402 2716 Quippe
425 2625 535 2696 solent
558 2650 658 2722 reges
678 2651 794 2700 omnes
815 2627 848 2697 in
868 2628 968 2698 rebus
991 2626 1147 2697 secundis
1207 2633 1210 2637 ’

203 2828 239 2877 XI
258 2828 356 2877 Nonius
371 2843 398 2893 p.
414 2816 479 2888 370,Ι
488 2830 524 2878 22
544 2832 690 2894 ‘passum
708 2836 855 2889 extensum,
868 2837 959 2896 patens
1042 2828 1139 2878 Ennius
1153 2825 1283 2876 annalium

170 2898 214 2946 Iib.
230 2897 268 2946 X:
289 2898 378 2962 aegro*
396 2913 418 2945 e.
435 2912 460 2958 q.
475 2912 496 2947 s.
517 2899 639 2962 ‘passis
660 2899 696 2947 ait
716 2898 850 2964 palmis,
874 2897 1021 2964 patentibus
1036 2905 1061 2947 et
1079 2896 1211 2946 extensis!

168 2967 213 3017 XII
228 2965 366 3015 Diomedes
382 2968 388 3013 I
404 2980 430 3028 p.
446 2964 498 3015 370
511 2966 539 3013 Ρ.
555 2967 639 3032 ‘apud
653 2974 753 3016 ueteres
771 2969 914 3032 reperimus
928 2969 1004 3016 edem
1018 2981 1033 3014 u
1048 2966 1154 3014 litteram
1169 2963 1283 3013 additam

171 3038 265 3102 pInso
280 3035 348 3098 quod
362 3042 400 3083 est
412 3034 491 3082 tundo
504 3041 529 3082 et
541 3036 621 3099 piusit
634 3037 774 3085 seeundum
787 3038 889 3086 tertium
905 3037 1020 3086 ordinem
1032 3042 1059 3084 ut
1073 3034 1170 3084 Ennius
1183 3032 1283 3082 decimo

170 3105 300 3156 annalium
319 3104 371 3152 ...'
395 3101 558 3168 (ordinem
573 3104 605 3154 id
619 3106 776 3154 uttenius
793 3107 851 3155 Par.
865 3103 895 3169 a)
964 3103 1022 3154 XIII
1038 3104 1137 3153 Nouius
1151 3119 1178 3169 p.
1191 3100 1283 3161 483,2

170 3176 270 3225 ‘lacte
290 3173 448 3223 nominatiuo
469 3187 530 3221 casu
549 3172 629 3224 abeo
652 3175 722 3238 quod
740 3182 778 3225 eat
796 3175 835 3224 Iao
853 3175 950 3224 Ennius
969 3172 1014 3223 lib.
1034 3173 1059 3224 X
1079 3174 1135 3222 ...'
1162 3172 1239 3241 (lib.
1258 3170 1284 3221 X

171 3244 260 3296 Bamb.
286 3243 342 3292 tib.
358 3242 395 3293 XI
414 3240 507 3306 ceterI)
576 3243 639 3293 XIV
656 3244 746 3294 Festus
767 3261 794 3311 p.
809 3244 860 3297 375
877 3245 912 3295 M.
938 3248 1065 3294 ‘ueruto
1083 3243 1137 3309 pila
1155 3243 1282 3301 dicuntur,

170 3315 239 3380 quod
260 3312 350 3378 [ueluti
361 3311 460 3376 ueruto]
478 3311 589 3362 habeant
602 3313 725 3379 praefixa.
747 3315 844 3364 Ennius
862 3315 889 3364 Ii.
901 3314 942 3364 X:
1045 3310 1171 3364 eursus'
1186 3304 1209 3362 e:
1223 3329 1248 3376 q.
1259 3327 1281 3361 s.

170 3385 303 3436 Lueretius
322 3384 357 3432 IV
375 3381 428 3434 409
448 3385 527 3446 ‘quos
544 3383 591 3432 tibi
608 3392 662 3434 tum
681 3399 761 3450 supra
776 3385 815 3435 soI
834 3386 929 3435 montis
945 3400 1003 3435 esee
1020 3384 1124 3434 uidetur
1136 3384 1284 3435 Comminus

170 3457 226 3520 ipse
240 3468 286 3503 suo
300 3453 451 3518 contingens
468 3451 585 3502 feruidus
600 3454 669 3521 igni,
691 3456 743 3504 Vix
757 3456 849 3505 absunt
862 3456 936 3505 nobis
954 3455 1048 3505 missus
1061 3455 1102 3505 bis
1115 3455 1186 3505 mille
1203 3454 1283 3520 sagit-

170 3534 225 3585 tae,
246 3525 307 3572 Vis
321 3524 547 3573 ettamoursus
561 3525 1007 3592 quingentossaepeueruti.'

204 3628 291 3677 Lluau
308 3626 344 3677 XI
377 3625 497 3677 IFestus
514 3627 655 3703 pontu.
681 3628 818 3695 ‘quippe
837 3628 1115 3702 significarequidni'
1140 3625 1283 3694 (quodni

169 3841 317 3892 uorsatanr
341 3836 397 3890 iam
425 3849 603 3890 summouere
630 3835 789 3889 columnam
804 3831 929 3906 Soala'per
947 3833 1026 3906 apud
1038 3829 1177 3887 Merulam

167 3927 221 3982 3⁶2
237 3921 326 3977 cornis
342 3921 451 3992 sparsis
467 3920 496 3976 J.
513 3920 699 3993 Bmopaa'ru.
720 3919 825 3995 cornis,
847 3936 900 3976 om.
921 3919 1045 3990 sparsis,
1067 3916 1132 3971 libri
1215 3909 1282 3968 latu'

168 4006 197 4061 J.
218 4007 403 4079 Berneyer'ue.
432 4007 486 4060 late
514 4005 579 4061 nors
680 4008 734 4063 353
754 4005 867 4073 aeriter]
886 4009 968 4076 pater
986 4001 1060 4058 libri.
1087 4017 1113 4054 a.
1137 4012 1282 4065 neomas

170 4091 264 4161 passis
278 4093 380 4162 palmis
395 4090 551 4146 lacerantes
567 4088 689 4146 Meruto.
710 4106 738 4144 a.
762 4088 792 4144 G.
815 4090 905 4145 cornis
928 4090 983 4143 late
1002 4085 1097 4157 passis
1124 4082 1282 4155 palmisque

170 4182 320 4245 precantur
343 4175 382 4231 H.
404 4174 542 4247 Ilberpr'us
566 4179 594 4230 et
615 4173 667 4230 Tu.
689 4173 800 4246 Hoetu
904 4177 956 4232 355
980 4176 1008 4224 et
1030 4170 1112 4225 simul
1136 4167 1300 4238 Geelielmua

170 4257 264 4315 Prata
278 4259 359 4332 capt.
372 4266 400 4319 d·
414 4262 472 4317 essi
492 4259 593 4315 mulier
605 4258 705 4336 Bamd.
725 4274 757 4315 ea
772 4259 797 4315 si
811 4260 911 4314 mulier
925 4256 1011 4311 ceteru'
