2932 4942
574 333 935 394 TRAGOEDIARVM

720 502 754 571 V
767 501 783 540 t

297 674 486 690 ......
504 672 522 691 -.
552 678 560 692 .
588 645 682 693 meae
703 623 770 692 to'm
789 623 878 715 potis

231 734 269 795 10
295 724 392 795 Pacis
412 724 510 816 potiri

711 827 760 898 Vl
773 826 790 863 *

296 945 436 1032 Hector,
465 947 521 1039 qui
541 948 629 1018 haud
647 953 758 1020 cessat
777 948 983 1021 obsidionem
1006 948 1172 1019 obdioere

721 1086 784 1156 VH

298 1202 373 1287 Quo
391 1205 480 1274 mim
498 1203 623 1275 incerte
642 1228 679 1277 re
701 1208 800 1302 itque
822 1205 953 1276 inoretci
975 1203 1117 1296 gradum

294 1306 488 1398 Regredcte
506 1308 652 1378 conone?

698 1443 774 1515 Vffl
788 1444 804 1476 e

652 1563 847 1657 Eurypylus

295 1680 324 1754 Ο
344 1683 544 1770 Patricoles,
573 1686 615 1755 ad
640 1686 705 1757 uos
728 1685 910 1755 adueniens
933 1680 1093 1752 anxilium
1117 1682 1150 1750 et
1173 1681 1305 1749 uestris

399 1818 405 1826 ’
855 1807 972 1855 manus

228 1900 266 1960 15
293 1889 376 1960 Peto
410 1890 503 1981 prius
532 1913 631 1984 quam
661 1891 785 1982 oppeto
810 1890 933 1959 melam
960 1892 1089 1979 pestem
1117 1884 1306 1955 mendatam

766 1983 773 2003 ¹
854 1991 968 2062 hostili
987 2012 1095 2060 manu.

190 2208 236 2252 eo,
256 2193 353 2256 inquit,
374 2194 489 2259 ingenio'
510 2211 532 2244 e.
546 2210 570 2256 q.
582 2209 603 2243 s·
637 2194 894 2263 Noniusp.129‚26
914 2194 1110 2244 ‘inimicitia
1128 2205 1233 2240 numero
1253 2191 1305 2239 sin-

190 2262 283 2328 gulcri.
305 2263 403 2312 Ennius
420 2264 477 2311 ...'
511 2263 592 2313 Hnius
608 2264 658 2316 loci
672 2274 770 2317 esseut
784 2267 902 2332 proxime
917 2265 968 2314 duo
982 2264 1127 2328 suspicatus
1144 2268 1182 2310 est
1197 2259 1226 2310 0.
1243 2261 1305 2309 Rib-

189 2332 296 2382 beckius
367 2332 498 2382 Vl'estns
516 2348 543 2398 p.
562 2332 614 2384 360
627 2336 661 2386 M.
687 2337 799 2399 ‘antiqui
820 2343 883 2386 tom
902 2335 978 2385 etiem
996 2348 1043 2399 pro
1059 2341 1165 2382 temen
1181 2331 1221 2380 nsi
1237 2338 1304 2389 sunt,

188 2409 272 2450 ut-
296 2402 406 2451 Ennius:
438 2402 499 2452 illae
522 2404 607 2452 meae'
640 2422 662 2454 e.
688 2392 758 2469 q.'·n.
787 2405 931 2470 (Ennius
960 2403 1107 2453 Achille:
1127 2415 1216 2451 mene
1236 2401 1303 2448 coni.

189 2470 219 2521 0.
243 2469 413 2534 Ribbeokins)
482 2472 518 2520 Vl
540 2472 678 2540 Festus'p.
695 2474 744 2526 198
759 2477 793 2526 M.
825 2474 1042 2524 ‘obsidionem
1060 2471 1147 2538 potius
1168 2469 1304 2519 dicendum
1325 2529 1328 2534 Ι

187 2555 245 2590 esse
273 2555 349 2602 quem
372 2540 501 2590 obsidium
523 2542 629 2592 adiuuet
649 2559 695 2594 nos
712 2545 858 2595 testimonio
880 2558 928 2593 suo
947 2544 1044 2592 Ennius
1068 2543 1094 2591 in
1113 2539 1252 2590 Telamone
1269 2566 1305 2576 -

188 2611 249 2660 item
269 2610 320 2659 alio
338 2611 407 2660 loco:
430 2611 536 2661 Hector’
562 2628 585 2661 e.
601 2629 625 2675 q.
640 2629 662 2663 s.
735 2615 783 2664 V11
800 2614 900 2664 Nonius
918 2611 1020 2677 p.1oo‚
1040 2613 1074 2662 22
1098 2609 1302 2675 ‘regredere,

187 2694 317 2729 reuocare.
343 2681 441 2730 Ennius
455 2680 556 2731 Achille
571 2683 617 2730 ...'
687 2684 748 2735 Vlll
772 2683 861 2734 Cicero
880 2684 957 2732 Tuso.
977 2681 1045 2746 disp.
1062 2683 1086 2731 11
1108 2679 1150 2740 16,
1169 2677 1204 2730 38
1228 2679 1303 2741 ‘quin

188 2751 265 2799 etiam
283 2749 403 2800 uidemus
418 2765 451 2800 ex
472 2751 527 2801 coie
549 2750 634 2802 efferri
647 2767 726 2820 saepe
741 2755 842 2805 soncios
926 2759 952 2801 nt
966 2765 1028 2801 uero
1044 2751 1089 2801 ille
1107 2749 1261 2800 exercitatus
1279 2757 1304 2798 et
1323 2759 1326 2765 ·

187 2826 261 2870 netem
282 2820 315 2869 ob
337 2835 444 2883 eamque
462 2835 517 2870 rem
537 2819 627 2872 fortior
647 2823 774 2873 medicum
788 2824 864 2875 modo
883 2822 1032 2885 requirens,
1056 2836 1073 2871 e
1094 2835 1144 2884 quo
1164 2819 1301 2884 obligetur,

187 2890 417 2951 ol‘etriooles‚
440 2890 536 2953 inquit,
557 2891 597 2941 nd
617 2905 677 2942 noe
697 2894 881 2944 adueniens
958 2890 1080 2941 accedi.
1112 2889 1219 2940 Certe:
1239 2888 1302 2937 Eu-

186 2959 327 3024 rypylus
350 2960 403 3010 hio
426 2960 555 3023 quidem
576 2968 633 3011 est.
668 2962 835 3013 Hominem
859 2960 1059 3013 exercitum!
1085 2959 1147 3009 Vbi
1171 2958 1301 3008 tandem

181 3029 298 3089 luctus
314 3030 493 3079 continuet.
518 3030 600 3080 Vide
614 3046 704 3094 quem
717 3047 780 3082 non
793 3031 971 3082 flebiliter
987 3027 1215 3094 respondent‚’
1231 3025 1303 3093 (ubi

185 3105 310 3148 tantum
332 3099 443 3158 luctus
467 3100 683 3151 continuetur
707 3101 768 3152 libri
791 3102 917 3169 plerique.
948 3100 1006 3149 ubi
1029 3106 1156 3150 tantum
1180 3097 1301 3146 luctum

186 3169 402 3219 oontinuatns
423 3169 487 3235 Reg.
502 3167 568 3219 Gnd.
599 3171 659 3220 ubi
677 3171 812 3222 tandem
831 3172 921 3221 luctu
936 3167 1175 3220 conturbatur?
1193 3167 1303 3217 Homi-

185 3253 255 3289 nem
275 3239 457 3288 exereitum
470 3238 546 3290 uide
565 3252 697 3302 quemn.
714 3241 733 3291 1.
753 3241 955 3306 respondent
976 3237 1006 3290 0.
1020 3233 1191 3300 Ribbeckius)
1210 3237 1301 3286 ‘retio-

185 3323 243 3358 nem
263 3309 340 3358 etiem
363 3307 476 3369 adierat,
502 3323 646 3373 curaeque
667 3309 752 3361 animo
771 3311 822 3362 sibi
835 3310 969 3361 ferendum
989 3309 1037 3358 sit:
1064 3308 1120 3371 qui
1140 3307 1241 3357 elteri

185 3481 278 3536 citiam
297 3486 379 3552 atque
395 3483 547 3538 amicitiem
561 3481 592 3540 0.
605 3482 779 3541 Rooeclctuc.
794 3485 944 3541 amicitiem
963 3483 1019 3539 odo
1035 3481 1209 3539 inimicitiam
1223 3479 1301 3536 Leid.

185 3565 276 3622 Nonii.
314 3566 465 3622 amicitiem
500 3575 582 3639 atque
615 3569 788 3625 inimicitiam
814 3573 900 3626 ceteri
984 3571 1074 3623 fronte
1102 3566 1181 3622 (ἔνια.
1208 3565 1301 3621 Patet.

185 3649 266 3707 Gellii
369 3652 387 3707 9
406 3666 486 3707 meae
501 3659 558 3708 tam
575 3651 606 3708 0.
623 3652 795 3711 Rooeclcoo.
817 3655 881 3710 illae
903 3670 984 3710 meae
998 3661 1054 3708 tom
1068 3652 1128 3708 cod.
1156 3651 1195 3722 cf.
1211 3665 1301 3722 supra

292 3740 325 3792 11
348 3736 396 3805 qui
418 3736 479 3792 cod.
505 3735 618 3808 quidem
641 3738 722 3809 uulgo
830 3745 863 3797 12
885 3747 967 3812 atque
989 3744 1097 3798 morata
1125 3736 1164 3791 W
1268 3739 1301 3793 11

184 3823 265 3877 —25
286 3821 390 3891 scrzpsi
401 3822 553 3877 secundom
570 3823 762 3878 remotionem
781 3822 810 3879 O.
827 3823 985 3882 Ribbeclcii:
1008 3824 1088 3878 unco
1103 3821 1210 3876 inchoa
1225 3821 1302 3876 omit-

184 3911 279 3961 tuntur
301 3907 330 3961 in
350 3906 441 3961 libret.-
468 3911 561 3962 cetera
580 3906 633 3962 lcoc
649 3907 746 3963 ordine
762 3910 927 3981 wlyontur:
954 3913 989 3967 14
1006 3913 1040 3967 1⁵
1055 3911 1089 3966 18
1104 3911 1140 3964 20
1155 3909 1188 3964 16
1204 3906 1238 3963 17

227 3996 261 4049 14
275 3991 428 4047 Patricoles
445 3991 515 4048 Gud.
531 3990 601 4064 Reo.
616 3992 761 4048 Patrocles
774 3994 862 4050 Bem.
878 3994 1093 4066 compertoque
1113 4027 1116 4031 v
1200 3995 1233 4047 15
1249 4006 1299 4061 op·

182 4063 247 4147 pet‘o
268 4075 338 4132 Gud.
356 4077 442 4150 Rem,
460 4079 486 4133 ot·
495 4077 568 4150 fides
583 4077 708 4133 Gudicno
722 4078 859 4135 conlctori
877 4085 904 4135 et
916 4079 1059 4149 Krorupii
1072 4075 1192 4144 mentm,
1208 4074 1298 4145 pteri-

183 4175 236 4231 que
255 4162 348 4216 ceteri.
371 4169 503 4234 oppetam
523 4161 613 4218 Bern.
628 4178 663 4216 m.
682 4163 729 4218 alt.
749 4179 822 4220 unus
844 4163 934 4223 Oxon.
955 4163 1034 4220 Leid.
1055 4161 1125 4233 Reo.
1148 4159 1300 4216 secundum

186 4243 356 4318 Treqderum
1097 4267 1099 4271 ·
