2932 4942
600 367 846 438 uuurovms

415 569 587 640 INGNRTI
609 566 784 640 NOMlNlS
806 568 1047 653 RELIQVlAE

721 699 735 767 Ι

609 819 846 911 Neoptolemus

273 919 505 1011 philosophari
520 923 571 989 est
583 923 661 991 mihi
675 945 830 1008 necesse,
854 925 888 991 at
900 921 1032 1013 parteis:
1057 944 1130 991 nom
1151 919 1284 990 omnino

819 1026 900 1095 horit
922 1026 1039 1114 placet.

278 1125 532 1218 Degustandum
569 1150 612 1198 ex
648 1129 704 1215 ea,
741 1152 807 1199 non
843 1128 876 1196 in
912 1151 983 1196 eam
1012 1126 1285 1220 ingurgitandum

819 1231 950 1301 censeo.

714 1334 741 1403 Π

274 1429 407 1503 'Omnes
431 1433 509 1503 dant
531 1435 705 1506 consilium
726 1460 866 1522 uanum,
891 1442 990 1530 atque
1013 1436 1053 1505 ad
1080 1435 1282 1526 uoluptatem

820 1540 938 1610 omnia.

340 1703 345 1711 ,
705 1641 747 1711 lll

184 1749 246 1811 420
275 1793 531 1812 .....
584 1743 621 1813 ui
641 1747 717 1835 pate
740 1746 890 1816 fecerunt
911 1744 1054 1836 Bruges

273 1961 337 2046 Oui
359 1962 482 2054 templa
503 1964 585 2033 caeli
608 1863 869 2039 sumnliysonitu
892 1965 1036 2037 concutit

206 2181 259 2229 luc.
280 2193 342 2229 uois.
362 2195 418 2230 nnn.
457 2182 468 2230 l
487 2180 575 2232 Cicero
593 2182 669 2233 Tusc.
689 2184 758 2250 disp,
777 2184 799 2232 N
819 2184 849 2244 1,
870 2184 883 2235 l
909 2181 1156 2249 ‘Neoptolemus
1180 2181 1284 2243 quidem

170 2249 240 2316 apud
258 2249 368 2299 Ennium
390 2250 626 2316 philosophari
651 2253 719 2304 sibi
746 2255 791 2305 ait
812 2269 947 2304 necesse
965 2269 1049 2313 esse,
1073 2251 1130 2302 sed
1155 2251 1282 2316 paucis:

172 2335 240 2369 nam
255 2320 381 2371 omnino
398 2320 481 2371 haud
500 2321 645 2387 placere.
682 2324 738 2390 Ego
756 2330 854 2385 autem,
873 2322 963 2382 Brute,
982 2337 1087 2372 necesse
1101 2320 1166 2370 mihi
1181 2321 1284 2383 quidem

171 2405 228 2440 esse
247 2390 355 2438 arbitror
372 2390 552 2457 philosophari
622 2393 668 2443 sed
685 2407 736 2443 non
755 2395 859 2460 paucis,
878 2399 906 2442 ut
926 2393 978 2445 ille.
998 2420 1031 2428 —
1049 2391 1065 2439 2
1084 2389 1136 2440 Sed
1150 2397 1233 2440 tamen
1253 2391 1284 2438 in

169 2460 242 2509 uita
260 2467 490 2525 compotemque,
509 2468 537 2510 ut
555 2461 759 2528 Neoptolemi
778 2472 840 2514 tum
859 2469 938 2523 crat,
966 2461 1107 2511 militari
1124 2475 1209 2526 pauca
1226 2461 1285 2524 ipsa

169 2529 276 2579 multum
294 2545 372 2596 saepe
389 2531 516 2597 prosunt.'
555 2533 624 2582 ldem
645 2533 677 2583 de
694 2541 756 2583 orat.
777 2535 800 2583 Il
814 2531 862 2592 37,
875 2533 925 2583 156
944 2535 988 2582 ‘ac
1000 2533 1037 2581 sic
1052 2529 1155 2580 decreui
1168 2529 1284 2596 philoso-

168 2599 243 2667 phari
268 2601 369 2666 potius,
399 2610 426 2650 ut
450 2601 635 2666 Neoptolemus
661 2603 731 2668 apud
751 2604 875 2662 Ennium,
902 2603 1030 2666 paucis:
1058 2615 1127 2649 nam
1154 2599 1282 2648 omnino

168 2669 252 2719 haud
270 2669 398 2735 placet!
436 2670 504 2720 ldem
524 2670 557 2720 de
576 2687 603 2720 rc
623 2687 648 2737 p.
670 2673 680 2721 l
701 2671 748 2730 18,
767 2671 801 2722 30
825 2673 922 2737 ‘inagis
941 2686 999 2720 eum
1015 2668 1157 2720 delectabat
1172 2669 1283 2731 Neopto-

169 2739 250 2788 lemus
274 2739 353 2800 Enni,
379 2742 434 2803 qui
459 2755 492 2788 se
515 2741 563 2789 ait
584 2740 762 2790 filosofari
781 2740 883 2800 uelle,
906 2739 1100 2803 setpaucis:
1128 2751 1198 2786 nom
1219 2752 1283 2788 om-

169 2808 243 2855 nino
271 2805 356 2856 haud
383 2808 534 2871 placere.'
577 2808 674 2857 Gellius
694 2810 717 2856 V
735 2808 769 2859 -15
792 2809 949 2857 ‘Ennianum
972 2806 1167 2872 Neoptolemum
1190 2805 1283 2871 proba-

169 2875 272 2932 bamus,
300 2878 343 2937 qui
370 2875 484 2940 profecto
512 2877 548 2924 ita
573 2878 621 2925 aits
652 2877 955 2942 philosophandum
983 2884 1030 2926 est
1061 2877 1184 2939 paucis:
1212 2889 1282 2922 nam

170 2944 296 2994 omnino
322 2944 402 2993 haut
426 2944 551 3009 placet!
589 2944 686 2994 Ibidem
707 2946 739 2996 16
758 2947 938 3008 ‘eiusdemque
957 2945 1027 2995 illius
1045 2945 1155 2993 Enniani
1172 2943 1283 3007 Neopto-

170 3013 243 3070 lemi,
269 3012 300 3062 de
323 3028 373 3075 quo
394 3029 472 3078 supra
495 3014 659 3078 scripsimus,
685 3015 792 3065 consilio
817 3015 939 3064 utendum
956 3021 1010 3074 est,
1035 3013 1078 3076 qui
1100 3014 1282 3079 degustan-

169 3085 241 3134 dum
256 3097 293 3131 ex
310 3082 526 3149 philosophia
544 3091 666 3143 censet,
691 3100 752 3135 non
766 3083 799 3132 iu
819 3099 887 3134 cam
902 3083 1191 3149 ingurgitandum.'
1229 3082 1283 3146 Ap-

169 3151 272 3220 puleius
284 3152 316 3201 de
329 3154 415 3218 magia
430 3168 451 3201 c.
467 3151 497 3202 13
513 3168 540 3218 p.
554 3153 606 3203 415
621 3151 685 3202 Oud.
703 3156 749 3203 ‘ne
764 3167 812 3218 ego
827 3168 931 3203 necesse
945 3153 1068 3213 habeam,
1086 3160 1173 3204 contra
1182 3159 1283 3202 senten-

168 3225 229 3272 tiam
249 3219 408 3287 Neoptolemi
425 3222 533 3270 Enniani
553 3222 670 3287 pluribus
690 3222 888 3288 philosophari.'
959 3224 982 3272 ll
1000 3222 1091 3272 Fronto
1109 3221 1190 3287 Epist.
1209 3222 1232 3270 ll
1252 3219 1283 3271 13

169 3309 196 3358 p.
213 3293 246 3340 57
258 3291 298 3340 ed.
314 3293 387 3344 Rom.
404 3291 445 3357 (p.
464 3291 496 3342 61
514 3291 603 3355 Nieb.)
624 3291 768 3342 ‘adfinitate
789 3293 913 3342 sociatum
931 3308 1013 3356 neque
1028 3291 1123 3341 tutelae
1138 3291 1281 3340 subditum:

169 3367 301 3428 praeterea
319 3363 344 3410 in
363 3377 394 3411 ea
411 3361 513 3410 fortuna
524 3363 701 3422 constitutum,
720 3364 746 3412 in
761 3377 824 3427 qua,
845 3370 872 3410 ut
884 3361 912 3420 Q.
930 3362 1026 3411 Ennius
1039 3363 1088 3421 ait,
1108 3375 1196 3410 omnes
1209 3360 1281 3409 dant'

169 3450 191 3482 c.
212 3448 237 3496 q.
256 3446 278 3480 s.
349 3432 383 3480 Ill
402 3431 490 3481 Cicero
510 3429 579 3484 Orat.
599 3431 647 3488 48,
667 3430 717 3482 160
743 3433 866 3481 ‘Burrum
885 3447 986 3498 semper
1007 3432 1119 3492 Ennius,
1144 3445 1282 3493 numquam

169 3500 306 3566 Pyrrhum:
330 3501 362 3549 ui
385 3517 413 3566 p.
440 3501 576 3567 Bruges,
601 3515 652 3552 oon
668 3501 796 3568 Phryges:
821 3503 905 3567 ipsius
929 3502 1027 3564 antiqui
1050 3499 1180 3551 declarant
1203 3499 1280 3549 libri!

169 3569 338 3630 Quintilianus
357 3571 367 3618 l
386 3575 417 3631 4,
436 3571 469 3621 15
489 3571 550 3620 ‘sed
568 3571 587 3620 B
606 3584 707 3634 quoque
723 3572 750 3622 in
767 3571 851 3622 locum
870 3571 978 3622 aliarum
995 3571 1113 3621 dedimus
1134 3570 1282 3635 aliquando,

168 3640 237 3690 unde
253 3640 347 3690 Burrus
366 3648 390 3690 et
407 3640 529 3705 Bruges
553 3648 577 3690 et
594 3640 708 3693 Belena.'
779 3643 814 3693 IV
837 3642 971 3693 Terentius
990 3642 1055 3690 Eun.
1074 3642 1108 3690 lll
1127 3641 1159 3699 5,
1177 3641 1211 3689 42
1230 3643 1282 3689 ‘ta-

168 3710 255 3760 bulam
276 3710 403 3773 quandam
422 3712 534 3778 pictam:
559 3709 604 3761 ubi
622 3711 705 3760 inerat
720 3711 821 3777 pictura
837 3712 915 3773 haec,
931 3712 1019 3761 Iouem
1039 3708 1045 3779 Ι
1065 3710 1120 3769 Quo
1137 3718 1212 3776 pacto
1229 3709 1281 3759 Da-

211 3887 262 3942 417
277 3884 472 3957 philosophari
489 3891 533 3942 est
549 3887 617 3942 mihi
634 3904 769 3962 necesse,
788 3894 815 3944 at
833 3889 944 3944 Vossius
960 3887 1109 3942 secundum
1127 3884 1181 3940 Cic.
1198 3884 1281 3938 Taso.

168 3968 425 4041 philosophandum
441 3977 499 4039 est,
523 3971 575 4027 sed
594 3972 708 4029 Botbius
723 3989 761 4030 cc
777 3974 860 4030 Gellio
932 3978 979 4025 aut
995 3971 1083 4026 saur.
1103 3968 1188 4024 Gella.
1204 3965 1281 4020 haud

169 4055 254 4107 ceteri
344 4055 459 4111 Versum
474 4061 527 4115 418
543 4072 559 4111 e
574 4057 659 4112 Gellio
683 4060 859 4114 concinnabit
875 4057 905 4112 0.
921 4054 1085 4110 Riooeclcins
1169 4055 1221 4108 419
1242 4056 1281 4104 at·

171 4152 224 4205 que
246 4136 282 4191 ad
304 4139 476 4210 uoluptatem
495 4141 589 4196 omnia
612 4158 666 4197 om.
687 4144 730 4198 cd.
744 4141 855 4197 Mediol.
872 4147 899 4194 et
912 4138 991 4193 Nieb.
1067 4136 1159 4206 adque
1175 4134 1236 4190 cod.

213 4221 265 4275 420
280 4222 320 4287 ui]
336 4224 363 4276 bi
378 4224 490 4280 Abrinc.
576 4225 685 4296 Fruges
709 4226 790 4281 Vino.
805 4224 907 4280 Dresd.
921 4240 957 4277 m.
967 4240 1018 4294 pr.
1034 4222 1114 4276 Eine.

213 4320 326 4376 Erurvs.
1031 4314 1072 4378 10
