2932 4942
618 937 845 1037 nouimus.

721 1075 735 1144 1

969 1192 972 1196 ’
993 1176 1095 1246 ociter

271 1283 379 1353 Sc'rua
400 1283 517 1366 ciues,
537 1279 678 1351 deiende
699 1279 832 1364 hosleS,
860 1301 935 1348 cum
956 1283 1052 1370 poles
1071 1279 1259 1349 defendere.

396 1569 405 1590 .
459 1544 535 1590 nam
555 1519 701 1592 consiliis
719 1519 899 1604 obuarinl,
928 1517 1048 1611 quibus

271 1577 429 1696 ‘eiiam
449 1625 582 1694 nector.

704 1724 718 1792 l

227 1839 246 1898 5
274 1880 531 1897 .....
585 1849 644 1918 per
663 1723 852 1919 cgdlderim
875 1823 1034 1893 sublimas
1056 1825 1191 1913 subjces

270 1930 444 2017 ‘Vmidas,.
463 1931 551 2001 unde
573 1929 678 2001 uritur
695 1929 800 1999 imber
820 1926 931 1998 sonitu
953 1947 1056 1996 saeuo
1075 1931 1108 1997 el
1129 1928 1255 2019 spiritu.

685 2065 764 2136 lV*
788 2074 792 2079 “

272 2239 716 2256 ........
771 2185 812 2257 eo
833 2207 900 2276 ego
920 2181 1056 2275 ingenio
1076 2183 1284 2254 natussum:

220 2310 223 2316 ·
270 2288 395 2384 Aeque
407 2288 604 2360 inimicitiam
623 2293 723 2385 itque
743 2289 918 2366 amicitiam
934 2287 968 2357 in
985 2287 1126 2356 frontem
1144 2309 1284 2379 promp-

829 2392 897 2461 tim
917 2412 1011 2482 gero.

200 2593 339 2642 Acnlccss
376 2595 501 2646 [Nonius
521 2611 547 2660 p.
559 2593 620 2653 277,
631 2593 664 2644 21
684 2592 896 2654 ‘defendere‚
915 2593 994 2652 tueri,
1014 2591 1153 2656 depellere.
1185 2592 1283 2642 Ennius

168 2661 268 2712 Achille
284 2663 336 2711 ...’
356 2661 556 2728 (defendere
572 2662 748 2714 debellare
764 2660 871 2727 [tlueri
887 2700 909 2712 ..
927 2665 959 2712 in
973 2660 1112 2711 Achille
1126 2660 1203 2710 Beni:
1217 2659 1248 2726 b)

201 2731 224 2778 ll
243 2731 340 2781 Nonius
354 2748 380 2797 p.
393 2734 452 2794 147,
470 2736 503 2784 22
523 2733 706 2783 ‘obucrere'
726 2730 927 2796 (obuarrare
946 2728 1035 2793 Leid.)
1060 2733 1220 2794 ‘peruertere
1239 2732 1284 2782 de-

167 2814 285 2864 pruuore,
301 2801 397 2850 dictum
410 2819 425 2851 a
438 2804 517 2852 nuris.
542 2803 640 2852 Ennius
650 2800 751 2850 Achille
799 2803 814 2848 .’
885 2803 921 2850 llI
940 2801 1037 2850 Nonius
1048 2814 1074 2863 p.
1087 2797 1146 2858 loe,
1161 2800 1174 2849 l
1190 2801 1285 2849 ‘snb-

169 2869 228 2917 icis
248 2883 314 2918 noue
333 2872 446 2933 positum
464 2886 515 2920 non
532 2886 548 2919 e
568 2870 731 2928 subiciendo,
756 2871 802 2919 sed
820 2871 963 2920 altitudine.
999 2869 1095 2918 Ennius
1113 2868 1215 2918 Achille
1236 2872 1283 2918 ...'

169 2937 258 2986 Festus
270 2952 296 3001 p,
305 2935 398 2988 305Μ.
414 2940 564 2989 ‘subices
577 2940 673 2989 Ennius
687 2939 714 2986 in
727 2938 828 2988 Achille
840 2954 887 3005 pro
900 2939 1022 2988 subiectis
1035 2937 1135 3002 posuit,
1149 2952 1208 2987 cum
1219 2939 1286 2988 dixit

167 3007 261 3056 nubes:
277 3021 324 3071 per
336 3009 397 3072 ego'
414 3024 437 3058 e.
447 3025 500 3072 q.s.
525 3007 622 3058 Gellius
631 3008 667 3057 IV
680 3007 710 3057 17
721 3005 837 3072 (positu,
856 3016 1010 3058 nonnarum
1025 3007 1230 3071 praepositiones
1245 3008 1284 3057 ob

86 3096 87 3099 ¹
167 3076 226 3126 sub
245 3090 299 3125 con
319 3091 377 3125 cum
391 3077 470 3144 uerbo
488 3078 575 3127 iucio
587 3077 742 3142 compositus
756 3076 846 3143 longos
859 3075 928 3141 fleri)
954 3080 1114 3141 ‘congruens
1136 3076 1215 3142 igitur
1235 3084 1283 3138 cst,

168 3153 195 3194 ut
222 3146 354 3195 subices
381 3148 473 3208 etiarn,
506 3147 575 3209 quod
600 3146 708 3213 proinde
731 3155 759 3194 ut
779 3146 865 3197 obices
886 3147 1055 3212 compositum
1080 3152 1133 3205 est,
1159 3161 1177 3194 u
1200 3145 1285 3196 littera

167 3215 240 3264 breui
256 3215 307 3265 dici
327 3224 451 3280 oporteat.
483 3217 580 3266 Ennius
600 3217 625 3265 in
645 3216 792 3282 tragoedia,
818 3233 884 3280 quae
900 3216 1014 3266 Achilles
1030 3214 1194 3275 inscribitur,
1214 3217 1285 3266 subi-

168 3301 210 3334 ces
229 3299 276 3350 pro
295 3287 354 3334 aire
374 3286 425 3336 ulto
445 3287 531 3352 ponit,
559 3287 602 3350 qui
622 3285 693 3336 caelo
713 3285 842 3336 subiectus
864 3295 916 3346 est,
939 3287 966 3335 in
985 3286 1027 3335 his
1046 3285 1164 3334 uersibus
1187 3283 1223 3351 [5.
1240 3285 1283 3351 6]:

167 3354 304 3420 plerosque
328 3357 411 3406 omnis
434 3366 520 3406 tamen
542 3356 628 3423 legere
649 3355 740 3406 audies
761 3370 778 3403 u
800 3355 884 3407 littera
906 3356 1048 3422 producte.'
1124 3356 1159 3404 lV
1187 3355 1284 3407 Gellius

170 3423 262 3475 X1X8
283 3425 507 3476 ‘inimicitiam
526 3435 611 3477 autern
624 3425 653 3484 Q.
669 3425 766 3476 Ennius
786 3427 812 3475 in
831 3427 875 3477 illo
891 3425 1104 3476 memoratissimo
1120 3424 1185 3475 libro
1200 3426 1283 3478 dixit:

211 3604 227 3657 l
252 3599 351 3668 ociter]
370 3617 387 3655 o
404 3601 451 3673 qui
467 3607 493 3656 te
509 3601 598 3656 Bern.
614 3600 637 3667 b,
653 3618 708 3658 om.
722 3603 809 3658 celeri
822 3599 886 3656 libri
908 3656 910 3660 ,
990 3605 1008 3658 2
1030 3599 1164 3670 deiende]
1188 3602 1286 3658 deien-

169 3683 227 3740 dite
240 3685 354 3740 Bern.b
457 3687 623 3746 oeensibus
642 3687 678 3743 W
782 3688 801 3745 4
813 3683 944 3741 concedit
954 3685 1056 3740 Hector
1070 3685 1285 3743 chunanus.

170 3776 225 3825 tam
243 3769 373 3826 concedit
389 3770 435 3835 hic
451 3770 521 3827 ordo
542 3772 620 3828 libri.
713 3779 730 3832 5
759 3771 894 3828 sublimas
918 3768 1037 3834 Nonius,
1068 3771 1194 3827 Rottencl.
1222 3772 1284 3827 Vol.

170 3855 256 3910 Gellii.
272 3857 406 3924 sublimes
420 3857 510 3929 culpo,
526 3872 579 3912 om.
595 3857 695 3914 Festus
781 3856 886 3912 subicis
906 3853 1011 3910 Nonius
1117 3860 1134 3915 6
1152 3854 1285 3911 humidas

168 3939 232 3993 libri
250 3994 262 4006 ,
316 3940 382 3996 inde
399 3941 499 3997 Festus
584 3943 678 4000 souitu
694 3961 717 3999 s.
734 3957 760 3996 e.
777 3942 876 4013 spiritu
891 3955 945 3996 om.
962 3937 1069 3993 Nonius
1155 3954 1243 3993 saeuo
1258 3945 1285 3993 et

171 4022 270 4093 spiritu
297 4025 403 4082 Delrio.
432 4041 520 4082 saeuo
544 4028 643 4100 spiritu
663 4026 770 4082 Fato.
800 4041 870 4081 seuo
898 4022 1017 4093 strepitu
1045 4022 1173 4078 Botlcnrl.
1198 4022 1284 4078 Gelttt

172 4121 259 4161 saeuo
275 4111 392 4180 strepitu
412 4109 474 4166 Vol.
491 4127 579 4168 saeuo
592 4119 619 4168 et
632 4113 745 4183 spiritus
757 4110 842 4165 celeri
932 4105 957 4160 V
955 4120 1035 4161 ersus
1050 4106 1183 4178 disposuit
1192 4106 1284 4163 Loch-

115 4205 289 4248 ,mamtus
302 4193 341 4249 acl
349 4193 433 4250 Lucr.
450 4193 563 4260 Illam
670 4202 761 4272 tego
776 4210 829 4249 om.
846 4191 947 4254 Gellius
1052 4194 1177 4269 &aeque
1194 4192 1285 4255 inimi-
