2932 4942
201 336 263 400 140
585 327 940 394 rnnennnmnvn

740 504 772 576 x

306 631 476 727 Denmqne
494 627 535 696 de
553 625 691 696 eonsssin
709 624 773 694 hoe
788 624 885 694 itiner
902 625 1003 694 ere'do
1024 623 1178 691 ennatrim
1204 618 1313 688 modo.

733 762 778 838 Xl

305 885 374 953 Ted
397 884 505 975 ipsum
528 886 659 973 oportet
681 880 745 951 hnc
768 879 916 972 profiteri
939 883 971 949 et
994 876 1147 970 praloqui

216 999 278 1061 385
306 988 499 1059 hdutirsum
518 986 606 1087 iham
627 985 714 1055 mihi.

712 1119 773 1190 ΧΗ
786 1118 803 1155 *

305 1242 343 1314 Si
358 1243 453 1313 uoles
470 1241 646 1312 aduertere
665 1240 823 1324 animum,
852 1239 989 1311 nimiter
1007 1239 1251 1309 monstrabitur.

706 1377 779 1448 Xlll
793 1376 810 1413 *

306 1552 313 1565 .
368 1497 485 1582 haime,
515 1500 570 1591 qui
593 1497 714 1568 erranti
733 1497 871 1568 cemiter
890 1496 1052 1566 monstrat
1075 1495 1173 1577 uiam,

294 1601 407 1694 Quasi
429 1602 539 1671 himen
562 1603 603 1672 de
624 1624 686 1672 sno
707 1601 830 1670 himine
853 1599 1027 1680 accendat,
1056 1598 1149 1667 facit:

304 1703 412 1775 Nihihi
435 1706 544 1798 minna
567 1706 629 1797 ipsi
651 1704 755 1790 hicet,
779 1726 852 1774 cnm
876 1702 921 1775 illi
944 1702 1139 1773 accenderit.

645 1914 872 1987 THYESTES

756 2053 771 2123 1

221 2174 283 2236 390
310 2164 369 2235 se't
386 2189 439 2237 me
459 2169 582 2260 Apollo
606 2170 700 2262 ipstis
723 2171 863 2244 delectat
882 2169 1003 2263 [laetat]
1030 2169 1143 2238 ductat
1160 2167 1318 2239 Delficus.

206 2367 284 2416 nrbs
306 2375 344 2417 est
363 2369 494 2431 aedificia,
521 2373 642 2423 ciuitas
661 2374 760 2424 incolae
841 2373 938 2424 Ennius
953 2370 1042 2423 Telefo
1063 2373 1110 2420 ...’
1181 2370 1206 2421 X
1224 2370 1323 2420 Nonius

206 2453 232 2503 p.
246 2436 307 2498 490,
323 2439 356 2488 12
374 2439 492 2490 ‘itiner
504 2457 556 2507 pro
576 2442 632 2494 iter.
659 2445 756 2494 Ennius
768 2444 882 2510 Telepho
897 2444 945 2492 ...'
1014 2442 1051 2492 xl
1070 2441 1167 2491 Nonius
1180 2456 1206 2506 p.
1217 2439 1278 2502 232,
1289 2441 1324 2490 24

208 2507 394 2557 ‘aduersum
412 2516 513 2561 rursum
534 2514 604 2579 apud
623 2513 752 2580 signifieat
830 2514 928 2565 Ennius
944 2511 1033 2562 Telefo
1126 2511 1267 2578 (Ennius

208 2576 285 2627 mihi
300 2593 350 2626 om.
367 2578 441 2629 Bern.
457 2580 580 2648 aBasif.)
650 2584 700 2634 XII
718 2585 799 2634 Varro
815 2585 848 2635 de
859 2585 889 2633 L.
901 2583 930 2632 L.
941 2581 1077 2632 vunan.
1099 2580 1184 2647 ‘apud
1197 2581 1323 2630 Ennium:

208 2648 243 2698 ai’
262 2663 284 2696 e.
302 2664 326 2711 q.
342 2663 364 2697 a.
385 2651 551 2711 ‘comitert
571 2653 654 2704 hilare
666 2669 697 2704 ae
709 2654 843 2705 lubenter.’
912 2653 973 2702 xssr
991 2651 1082 2703 Cicero
1098 2651 1131 2702 de
1144 2649 1188 2700 off.
1203 2650 1214 2699 1
1232 2649 1275 2708 16,
1289 2650 1322 2700 51

208 2718 336 2767 ‘omniurn
355 2726 440 2770 antem
460 2724 604 2773 eommunia
623 2723 755 2774 hominum
775 2723 895 2774 uidentur
912 2738 955 2783 ea,
979 2737 1044 2784 quae
1062 2728 1120 2770 sunt
1138 2720 1240 2786 generis
1258 2720 1325 2780 eins,

208 2787 278 2851 quod
299 2788 331 2837 ab
346 2789 555 2857 Enni0.poaitnm
573 2795 598 2843 in
616 2809 668 2844 nna
683 2811 711 2844 re
725 2793 857 2845 transferri
876 2795 902 2841 in
917 2792 1071 2859 permultaa¹
1092 2791 1145 2855 (aie
1160 2790 1250 2839 Bamb.
1268 2790 1324 2856 ab.

206 2858 384 2908 transferri
404 2875 463 2925 per
480 2863 599 2914 multas
618 2862 713 2931 Oehf.)¹
732 2868 830 2931 ‘potest
856 2860 1057 2929 [387-389].”
1085 2860 1183 2910 Ibidem
1201 2860 1235 2911 52
1263 2861 1327 2911 ‘sed

209 2929 328 2991 qnoniam
348 2931 438 2996 copiae
455 2947 552 2998 paruae
573 2934 732 3001 singulorum
748 2942 819 2994 aunt,
839 2948 927 2984 eornm
947 2940 1031 2981 autem
1051 2930 1095 2994 qni
1116 2929 1154 2980 eis
1173 2935 1266 2994 egeant
1285 2929 1326 2978 in·

208 2998 280 3048 finita
293 3007 332 3049 est
347 3001 502 3064 multitnd0,·
518 2994 634 3070 uulgaria
650 3003 792 3055 liberalitas
803 3002 940 3054 referenda
954 3011 993 3052 ert
1005 3001 1038 3051 ad
1054 3000 1127 3050 illum
1142 3000 1218 3048 Ennii
1232 2998 1324 3049 finem:

208 3068 318 3118 nihilo
337 3071 444 3120 minus
464 3072 529 3138 ipsi
547 3073 653 3124 lucet.’
681 3075 751 3124 Idem
771 3088 818 3141 pro
837 3073 917 3123 Balbo
935 3071 975 3133 tn,
989 3070 1024 3122 36
1046 3074 1145 3120 ‘eomes
1165 3069 1270 3135 benigni
1288 3067 1327 3118 fa-

208 3139 271 3189 ciles
296 3155 389 3191 snanes
411 3140 528 3193 homines
548 3159 606 3195 esse
627 3144 758 3194 dicuntur:
787 3144 843 3207 qui
859 3143 984 3194 erranti
1007 3141 1327 3191 comiter'monatrat

207 3210 309 3328 ἓίαιῐῐξι,
325 3210 448 3276 benigne,'
459 3226 509 3262 non
521 3216 646 3281 grauate!
672 3204 814 3278 Vtrumque
829 3212 999 3281 fragmentum
1013 3212 1064 3261 hue
1077 3209 1209 3260 reuocauit
1220 3207 1250 3259 Ο.
1264 3208 1328 3258 Rib-

227 3295 256 3328 ee
275 3295 315 3328 rus
1237 3286 1241 3293 “

243 3348 392 3398 Tarnsrns
425 3351 435 3398 l
454 3349 551 3402 Nonius
563 3368 589 3419 p.
602 3352 646 3414 973
658 3352 692 3404 32
710 3353 907 3412 ‘delectare
928 3350 1042 3410 inlicere,
1059 3348 1202 3400 adtrahere.
1228 3328 1327 3400 Ennius

252 3589 307 3645 383
322 3586 358 3641 de
371 3603 423 3644 om.
444 3591 483 3647 W
549 3597 603 3654 384
621 3596 668 3651 ted
679 3596 771 3669 ipsum
784 3600 894 3668 oportet
903 3593 958 3650 hoe
970 3593 1095 3666 profiteri
1108 3590 1139 3647 0.
1150 3588 1327 3647 bebeelcins.

212 3677 237 3726 te
254 3670 346 3741 ipsum
361 3671 416 3728 hoe
433 3683 543 3748 oportet
556 3679 681 3750 profiteri
697 3681 774 3748 libri,
795 3681 939 3754 quadarn
954 3681 1069 3734 mutauit
1079 3676 1276 3734 Lachmannar
1290 3674 1331 3730 ad

211 3755 296 3811 Lacr.
312 3754 396 3815 1778
479 3765 532 3821 387
555 3769 585 3818 ut
604 3763 689 3821 homo
707 3766 798 3821 Basia
816 3763 892 3822 Oehl.
979 3763 1074 3819 comiti
1094 3762 1183 3818 Baail.
1204 3761 1330 3817 Bermd

212 3840 281 3913 Ers:
298 3840 372 3897 Oehl.
457 3844 534 3902 'uiam
551 3856 686 3906 monstrat
700 3850 798 3906 Bnmh.
814 3869 833 3906 α
850 3849 926 3906 Oehl.
1013 3854 1066 3910 388
1087 3847 1168 3920 quasi
1182 3847 1276 3906 lumen
1293 3844 1329 3900 de

213 3944 265 3982 suo
289 3929 394 3983 lumine
416 3931 504 3987 Bern.
523 3951 542 3988 a
556 3933 572 3988 b
586 3937 637 3990 ed
655 3937 744 3992 Baril.
767 3935 834 4008 Ers.
863 3935 944 4008 quasi
968 3935 1004 3990 de
1029 3934 1082 3991 suo¹
1108 3932 1211 3988 lumine
1234 3931 1330 3987 lumen

213 4013 432 4071 Remanent.
518 4022 571 4078 389
598 4025 627 4075 ut
650 4020 754 4076 nichilo
777 4021 870 4077 minus
894 4018 970 4076 oeht.
998 4026 1028 4076 ut
1048 4017 1135 4073 nihilo
1155 4017 1247 4072 minus
1268 4016 1328 4071 Ba-

171 4138 178 4161 ,
213 4099 257 4153 sil.
344 4097 398 4172 ipsi
418 4102 511 4158 luceat
523 4104 618 4160 ntem.-
630 4106 646 4161 b
659 4122 676 4162 e
691 4108 711 4163 d
724 4121 739 4162 e
753 4106 843 4161 Baail.
858 4106 926 4180 Ers.
940 4105 1041 4162 Bamh.
1056 4123 1076 4159 a
1090 4102 1106 4157 b
1122 4101 1199 4158 oent.
1222 4101 1277 4174 ipsi
1301 4107 1332 4156 ut

215 4183 307 4239 luceat
321 4184 410 4240 Bern.
427 4206 455 4242 a.
478 4194 507 4244 ut
521 4189 573 4261 ipsi
593 4192 686 4247 luceat
703 4192 772 4265 Rey.
785 4191 856 4247 Lan.
941 4195 996 4252 390
1016 4191 1094 4262 ipsus
1112 4187 1233 4244 delectat
1246 4188 1331 4242 laetat

217 4265 248 4321 Θ.
263 4268 438 4327 Ribbeclcinr.
459 4275 520 4345 ipse
537 4274 656 4333 delectat
671 4278 735 4334 lihrr'
