2932 4942
617 323 858 394 annrpvmn
962 325 975 342 ⁸

693 491 789 561 XXX

409 647 416 662 .
472 647 479 662 .
534 647 543 676 .
596 594 694 664 terrai
716 595 889 686 imgilerai

194 839 254 899 480
281 829 363 900 Cum
382 833 473 903 soles
492 833 624 903 tandem
643 730 975 927 lerXerlongiscerc
1002 832 1104 924 longe

674 969 800 1040 XXXII

282 1120 667 1141 .......
721 1073 878 1164 uiresque
900 1071 1050 1141 ualentes

283 1169 439 1242 Contudit
461 1173 611 1277 crudelis⁸
626 1175 754 1267 hiemps

284 1389 415 1482 Optima
433 1392 625 1463 caelicolum
641 1291 937 1484 SXXXanlglmagna
955 1389 1106 1458 dearum!

177 1593 212 1640 Vl
228 1592 245 1642 6
261 1595 319 1640 ‘cur
332 1593 428 1641 autem'
447 1591 678 1660 (lulius'lligiuus)
693 1597 759 1645 ‘non
772 1593 811 1653 Q:
825 1591 875 1660 (m.
892 1590 966 1654 Vat.)
992 1592 1108 1653 ‘quoque
1123 1588 1233 1638 Ennium
1255 1602 1295 1636 re·

177 1661 312 1725 prehendit
327 1663 369 1724 qui
386 1663 412 1709 iu
425 1662 560 1712 annalibus
576 1678 626 1714 non
641 1679 739 1730 pennas
752 1664 874 1721 Daedali,
895 1661 942 1711 sed
954 1661 1030 1725 longe
1046 1658 1175 1709 diuersius
1189 1657 1293 1706 Brun-

177 1731 315 1790 dusium,
336 1731 426 1792 inquit,
445 1731 576 1795 pulcro’
590 1750 613 1783 e.
622 1750 646 1796 q.
655 1749 676 1782 a.
700 1733 812 1798 (Desunt
826 1734 851 1782 in
866 1732 922 1780 Par.
938 1728 1056 1779 Bottend.
1073 1727 1107 1777 cf.
1119 1728 1129 1776 l
1143 1727 1175 1776 fr.
1186 1727 1257 1776 LVII
1298 1744 1312 1755 ·

211 1800 379 1849 diuersius
399 1799 602 1864 Braundisiir
620 1803 770 1865 quidVat.
791 1801 957 1851 diuersius
976 1797 1190 1847 Brundusium
1208 1796 1291 1859 qnid

176 1872 234 1919 Vat.
258 1867 333 1920 1532.
355 1869 520 1921 diuersius
542 1871 620 1934 quid
644 1872 720 1938 (siue
738 1869 841 1935 quod)
863 1868 983 1920 Brund.
1011 1867 1124 1916 iuniores
1143 1865 1218 1916 oodd.
1241 1865 1291 1915 di-

177 1940 316 1988 uersius:
341 1938 553 1997 QuidBrund.
571 1938 728 2000 Gronouius)
764 1941 835 1992 Idem
855 1940 925 1989 1th
951 1934 1177 1986 ‘cumeGraecia
1196 1935 1223 1984 in
1241 1934 1291 1984 lta-

176 2009 236 2057 liam
251 2008 392 2059 rediremus
411 2017 435 2059 et
450 2009 622 2060 Brundusium
636 2012 732 2061 iremus
751 2012 899 2077 egressique
918 2025 931 2058 e
946 2007 1007 2057 naui
1024 2005 1051 2055 ln
1066 2014 1159 2056 terram
1173 2006 1200 2054 in
1216 2011 1290 2069 portu

176 2077 220 2127 illo
246 2078 333 2127 inclito
360 2080 544 2143 spatiaremur,
576 2096 651 2143 quem
673 2081 702 2140 Q.
725 2081 821 2130 Ennius
846 2079 981 2130 remotiore
1006 2075 1112 2142 paulum
1134 2076 1181 2125 sed
1201 2074 1290 2123 admo-

175 2149 235 2198 dum
257 2148 320 2197 scito
339 2148 465 2199 uocabulo
486 2159 672 2215 praepetem
695 2150 849 2217 appellauit,
873 2149 956 2199 fasces
977 2146 1114 2196 librorum’
1140 2161 1162 2195 e.
1184 2160 1209 2206 q.
1230 2159 1252 2192 s.

208 2217 284 2266 XXX
307 2217 438 2268 Charisius
458 2219 468 2268 l
488 2234 514 2284 p.
530 2219 546 2268 7
565 2219 593 2269 P.
612 2218 644 2287 (o
658 2217 749 2282 Lind.)
765 2217 834 2287 (ai)
854 2218 952 2268 ‘adhuc
968 2231 1064 2265 morem
1083 2231 1140 2264 esse
1160 2213 1244 2280 poetis
1263 2212 1288 2260 iu

174 2287 261 2337 datiuo
281 2303 356 2349 casu,
375 2294 402 2336 ut
423 2288 491 2338 aulai
511 2289 537 2337 in
559 2290 643 2340 medio
657 2290 802 2356 Vergilius,
824 2289 925 2338 terrai
943 2285 1125 2352 frugiferai
1144 2283 1242 2334 Ennius
1262 2281 1289 2329 in

174 2356 326 2406 annalibus.¹
355 2356 477 2407 Claudius
498 2356 623 2409 Sacerdos
643 2361 699 2425 lp.
719 2359 846 2410 acuunt.
878 2357 1017 2408 ‘diaeresis
1125 2360 1151 2402 ut
1170 2352 1244 2402 aulae
1262 2350 1289 2400 in

173 2427 272 2486 medio,
291 2426 459 2493 etfmgae,
484 2427 553 2477 aulai
573 2437 599 2479 et
618 2428 720 2495 bugei!
751 2428 956 2496 (frugiferae
973 2466 979 2479 .
997 2423 1176 2491 frugiferai
1190 2421 1289 2472 Vindo-

174 2494 313 2561 bonenses)
364 2497 479 2547 Incertus
498 2498 530 2547 de
546 2512 614 2548 nom.
630 2506 655 2549 et
669 2513 742 2564 pron.
764 2498 854 2565 (Auel.
869 2496 981 2548 Vindob.
995 2510 1022 2560 p.
1041 2490 1104 2558 127)
1130 2496 1206 2542 ‘nam
1224 2491 1289 2557 legl-

173 2581 229 2616 mus
242 2566 312 2636 apud
325 2564 471 2617 Lucretium
484 2574 508 2616 et
524 2567 665 2685 Vergilium
686 2569 792 2618 terrai
812 2566 1001 2634 frugeferai
1021 2576 1068 2630 pro
1083 2571 1166 2613 terrae
1180 2560 1289 2627 frugife-

173 2650 216 2685 rae
234 2644 258 2685 et
278 2634 347 2685 aulai
365 2637 450 2687 medio
473 2651 520 2702 pro
542 2639 634 2687 auae.’
663 2637 822 2705 (Lucretium
841 2637 1023 2704 grammaticus
1043 2632 1118 2698 lapsu
1157 2645 1185 2681 ro
1205 2630 1287 2680 Ennio

173 2706 318 2755 nominasse
336 2705 438 2755 uidetur
451 2706 475 2755 J.
492 2705 604 2756 Beclrero
624 2707 716 2757 Philol.
735 2705 821 2770 1155)
838 2706 962 2756 Martialis
976 2703 1066 2769 Epigr.
1086 2647 1210 2761 1118θώ
1236 2702 1288 2748 ‘al-

173 2774 318 2836 tonitusque
332 2774 404 2840 leges
422 2777 527 2824 terrai
546 2776 739 2841 frugiferai,
767 2778 851 2826 Attius
871 2783 895 2825 et
909 2773 1034 2838 quidquid
1049 2771 1227 2832 Pacuuiusque
1242 2783 1288 2818 uo·

174 2844 261 2890 munt.’
294 2844 386 2892 Incerti
402 2846 493 2893 artium
511 2853 645 2909 grammat.
661 2845 754 2911 fragm.
776 2845 866 2911 (Auel.
880 2844 992 2894 Vindob.
1007 2856 1034 2905 p.
1049 2839 1098 2903 84)
1117 2841 1192 2889 ‘item
1203 2837 1292 2889 adhue

173 2925 230 2959 esse
247 2926 344 2960 morem
358 2915 440 2977 poetis
453 2914 481 2960 iu
493 2913 581 2962 datiuo
595 2913 664 2963 aulai
677 2916 762 2964 medio
776 2915 860 2964 dicere
875 2921 899 2963 et
917 2915 1008 2961 intus
1027 2909 1124 2973 aquai
1144 2906 1287 2972 frugife-

173 2981 221 3028 rai
235 2980 332 3029 Ennius
350 2982 376 3029 iu
395 2980 548 3030 annalibus!
576 2984 641 3034 ilinc
654 2998 704 3033 nen
718 2998 813 3032 nouum
826 2984 908 3031 Buuio
923 2979 1070 3047 poemation
1084 2977 1204 3027 subnasci
1221 2975 1288 3024 uidit

173 3050 196 3098 J.
208 3049 337 3098 Beckerus
352 3050 368 3098 l.
382 3064 404 3098 a.
428 3049 529 3115 Quippe
544 3052 632 3100 iutns
646 3054 745 3115 aquai
761 3051 870 3117 Vergilii
885 3059 923 3100 est
936 3049 1016 3115 (Aen.
1026 3046 1132 3097 vlltttc
1144 3046 1178 3095 cf.
1189 3045 1287 3095 Probus

173 3135 199 3184 p.
220 3117 288 3170 1438
307 3118 334 3167 Ρ.
359 3117 394 3169 99
411 3116 515 3182 Lina),
542 3121 614 3185 cuius
633 3136 725 3172 nomeu
746 3137 804 3170 cum
825 3121 940 3170 Enniano
961 3118 1061 3168 terrai
1083 3115 1211 3166 excidisse
1228 3122 1288 3180 post

173 3187 471 3254 aqnaiprobabileest
540 3189 626 3240 XXXl
646 3191 743 3240 Nouius
758 3204 785 3257 p.
803 3190 861 3251 134,
876 3189 908 3240 la
936 3187 1156 3252 ‘longlseere›
1182 3185 1286 3249 ¹⁰1¹B¹1m

173 3259 228 3308 lieri
246 3257 288 3307 uel
309 3258 436 3323 frangere.
463 3259 559 3309 Ennius
577 3259 622 3308 lib.
641 3260 727 3310 XVII:
749 3259 834 3326 [Vll];
858 3260 940 3320 idem:
965 3258 1036 3306 cum'
1057 3272 1079 3305 e.
1099 3271 1124 3318 q.
1142 3271 1163 3304 s.
1195 3253 1288 3320 (lan-

173 3329 319 3393 gisccrc,
350 3327 542 3393 languidum
558 3329 634 3379 fieri
650 3330 705 3380 uel
726 3330 835 3396 frangi
850 3329 898 3379 Th.
917 3325 1030 3394 Hugins)
1099 3325 1200 3375 XXXll
1219 3324 1287 3374 Pris-

173 3399 262 3446 cianus
274 3397 298 3446 X
313 3412 339 3462 p.
349 3395 400 3448 aot
414 3398 442 3446 P.
462 3399 487 3462 (Ι
502 3413 529 3463 p.
539 3398 591 3450 492
601 3397 646 3463 ll.)
666 3401 849 3451 ‘uetustissimi
862 3408 945 3449 tamen
959 3407 1010 3447 tam
1022 3396 1197 3463 producebant
1210 3410 1286 3459 quam

174 3467 345 3531 corripiebant
359 3466 501 3532 supradicti
518 3468 604 3527 uerbi,
630 3469 657 3519 id
673 3478 710 3519 est
723 3471 819 3529 tutudi,
839 3469 1015 3536 penultimam.
1045 3466 1142 3515 Ennius
1155 3465 1182 3514 iu
1197 3462 1286 3515 Xllll:

174 3535 258 3603 [Vlll]
279 3552 337 3585 ecce
355 3537 399 3586 hic
418 3537 549 3602 corripuit.
581 3538 652 3589 Idem
666 3541 692 3588 iu
707 3540 783 3590 XVl:
803 3536 877 3605 [lll];
907 3539 976 3588 idem
994 3539 1020 3587 ln
1037 3536 1185 3586 annalibus:
1204 3536 1287 3585 uires-

173 3607 234 3670 que'
260 3622 282 3655 e.
298 3622 323 3669 q.
340 3621 361 3655 s.
389 3606 446 3656 ‘hic
466 3607 589 3672 produxit
608 3609 794 3674 penultimam·
820 3611 872 3675 (iu
892 3607 1069 3658 annalibus
1087 3620 1138 3656 om.
1155 3602 1251 3671 Sang.)

208 3675 320 3726 XXXlll
340 3677 486 3729 Priscianus
499 3677 572 3728 XVll
586 3693 612 3744 p.
630 3678 696 3732 llos
712 3681 739 3730 P.
753 3681 791 3746 (ll
806 3697 832 3747 p.
846 3679 881 3731 89
892 3677 938 3744 Κ.)
963 3683 1024 3744 ‘per
1038 3677 1152 3743 species’
1171 3675 1287 3742 (wioni

171 3849 313 3922 peinctum
328 3849 410 3926 ppetc
433 3854 495 3912 Vol.
582 3856 679 3928 portus
698 3856 760 3910 Vct.
774 3862 800 3911 et
809 3857 929 3912 ismiores
942 3853 1008 3924 aliq.
1025 3851 1096 3907 libri.
1111 3857 1193 3923 portu
1203 3851 1286 3921 aomo

277 3943 331 3998 480
351 3943 428 3998 solcs
448 3942 572 4011 taudem]
595 3943 657 3998 sola
671 3949 714 3996 est
733 3941 834 3998 eadem
848 3939 920 3996 litari.
942 3938 1017 3993 soles
1038 3943 1129 3991 terras
1153 3934 1203 3989 Tb.
1224 3933 1285 3989 IIu·
1310 3962 1314 3970 ·

170 4047 232 4116 pius
318 4047 422 4102 facient
443 4048 520 4103 Lem
548 4030 653 4104 lecirint
682 4047 721 4104 W
803 4046 960 4117 langiscerc
990 4040 1040 4095 Tb.
1070 4039 1180 4110 [lupius

172 4125 421 4274 ffipmuslrceelppptsque
436 4131 523 4205 Scap.
625 4137 680 4192 482
695 4130 827 4205 credulps
842 4127 983 4184 Haben.
1069 4124 1179 4193 hiemps
1194 4124 1282 4179 Berm
