2932 4942
168 317 228 363 ιιι
561 297 874 371 QVAESTIONES

172 479 293 551 propter
317 467 504 548 multiplicem
526 467 555 525 in
575 464 633 526 hoo
651 465 733 525 bello
755 464 939 524 Numidarum
965 463 1093 540 equitum
1117 480 1200 521 usum
1222 460 1279 541 (el.

168 577 228 637 Liu,
246 573 314 635 XXl
336 573 386 633 29.
407 574 465 651 dir)
489 590 546 631 rron
569 589 645 647 nego
669 572 756 630 etiam
777 572 805 630 in
826 571 882 631 alia
905 579 987 649 parte
1007 571 1070 628 eius
1093 568 1160 629 libri
1177 569 1281 631 baberi

170 683 312 762 potuisse.
357 677 439 737 llitto
468 679 648 738 nuncetiam
674 676 709 735 ir.
734 674 791 751 tx,
823 694 880 754 quo
908 677 981 735 inira
1010 684 1152 736 reuertar.
1197 673 1280 748 Quae

172 788 334 847 certissimo
364 784 469 844 indicio
494 784 616 844 Ennium
642 782 713 841 illud
743 779 850 840 bellum
880 801 935 841 nee
964 783 1143 861 praeterisse
1164 781 1280 840 omnino

171 912 227 952 nee
255 893 338 951 nimis
366 910 455 970 parce
483 899 626 951 tractasse
654 886 826 962 ostendunt,
856 888 930 948 haec
952 888 1009 948 duo
1028 898 1094 948 sunt
1116 906 1133 947 e
1156 889 1281 966 septimo

171 999 265 1060 annali
296 996 390 1057 adlata
416 998 577 1074 fragmenta
601 992 680 1084 (tlt.
704 992 805 1072 tint:
836 993 939 1072 quibus
967 1005 996 1054 ut
1021 1004 1153 1073 apertum
1175 1002 1221 1053 est
1242 994 1282 1053 ita

170 1106 313 1166 neminem
336 1102 477 1164 editorum
500 1103 572 1179 fugit
601 1118 691 1159 naues
716 1100 837 1176 regendi
867 1100 1024 1174 exercitia,
1054 1099 1150 1178 qualia
1173 1100 1236 1158 iere
1254 1099 1283 1156 in

172 1213 268 1272 limine
291 1209 362 1269 belli
386 1208 474 1267 rudes
495 1208 579 1267 huius
599 1209 668 1265 artis
683 1205 804 1265 Romani
818 1206 1017 1281 instituerunt,
1041 1205 1171 1283 depingi.
1209 1202 1283 1263 Rem

172 1326 202 1377 et
230 1314 378 1374 coniirmat
407 1324 435 1373 et
459 1314 590 1373 inlustrat
609 1313 747 1388 Polybius
768 1312 781 1372 l
804 1311 841 1370 21
867 1312 903 1369 iu.
932 1311 963 1371 οί
985 1307 1017 1371 δὲ
1041 1300 1077 1370 τὰ
1103 1300 1284 1387 πληρώματα

172 1417 423 1498 συναθροίσαντες
456 1417 612 1479 ἐδίδασκον
636 1415 668 1477 ἕν
688 1420 725 1500 τῇ
746 1420 785 1500 γῇ
807 1421 991 1495 κωπηλατεῐν
1012 1406 1064 1478 τὸν
1088 1411 1200 1497 τρόπον
1215 1418 1285 1476 τοῦ·

171 1547 238 1587 τον·
269 1525 447 1597 καθίσαντες
468 1522 591 1584 ἐπὶτῶν
613 1524 743 1604 εἰρεσιῶν
768 1519 800 1582 ἕν
820 1526 857 1605 τῇ
884 1521 976 1606 χέρσῳ
997 1515 1066 1595 τοὺς
1091 1516 1203 1603 ἄνδρας
1230 1513 1286 1601 τὴν

173 1623 268 1710 αὐτὴν
288 1631 407 1710 ἔχοντας
424 1624 507 1706 τάξιν
525 1635 589 1703 ταῖς
604 1619 651 1689 ἐπ’
676 1619 775 1688 αὐτῶν
791 1632 850 1688 τῶν
864 1629 974 1689 πλοίων
992 1627 1171 1711 καθέδραις,
1193 1627 1284 1708 μέσον

175 1729 206 1798 δ’
232 1736 264 1797 ἕν
291 1727 392 1810 αὐτοῖς
420 1735 575 1815 στήσαντες
602 1725 654 1797 τὸν
682 1724 855 1814 κελευστὴν,
886 1729 947 1813 ἅμα
972 1731 1086 1810 πάντας
1110 1731 1286 1797 ἀναπίπτειν

174 1834 224 1921 ἐφ’
248 1834 355 1916 αὖτοὺς
376 1835 502 1921 ἄγοντας
523 1831 575 1913 τὰς
597 1844 694 1920 χεῖρας
722 1839 772 1901 καί
796 1837 887 1902 πάλιν
915 1838 1071 1922 προνεύειν
1100 1840 1287 1916 ἐξωθοῦντος

174 1943 282 2023 ταύτας
302 1948 485 2022 συνείθιζον,
507 1939 652 2025 ἄρχεσθαί
671 1967 701 2005 τε
722 1945 772 2006 καὶ
790 1941 889 2026 λήγειν
911 1950 970 2007 τῶν
992 1941 1138 2026 κινήσεων
1149 1936 1230 2028 πρὸς
1247 1937 1284 2008 τὰ

174 2059 227 2116 τοῦ
243 2057 397 2115 κελευστοῦ
412 2049 651 2130 παραγγέλματα.
675 2049 782 2124 Quare
796 2054 874 2132 quod
887 2071 974 2131 supra
986 2055 1070 2131 tetigi
1080 2054 1141 2113 noli
1153 2055 1287 2116 dubitare

176 2157 289 2219 duobus
311 2158 374 2216 istis
399 2156 512 2213 tertium
538 2154 656 2215 adicere
679 2158 706 2217 id
728 2159 805 2236 quod
823 2158 882 2217 illis
897 2160 1056 2238 praeposui
1075 2160 1112 2220 ir.
1127 2159 1177 2224 Vl.
1211 2158 1287 2233 Quin

176 2283 214 2324 ex
235 2264 290 2323 hao
309 2261 393 2322 Ennii
415 2263 578 2321 narratione
598 2261 748 2339 Vergilius
775 2264 893 2323 colores
921 2263 1062 2343 quosdam
1087 2267 1215 2324 insuam
1236 2266 1286 2325 ali·

177 2388 261 2450 quam
297 2367 494 2429 naumachiam
525 2367 703 2448 desumpsit,
737 2371 878 2450 siquidem
904 2370 1025 2431 Seruius
1052 2370 1137 2431 Ennii
1165 2389 1287 2448 memor,

176 2485 207 2534 ut
227 2483 308 2553 puto,
330 2474 405 2533 Aen.
425 2473 451 2530 V
472 2473 528 2533 114
548 2472 622 2534 baeo
637 2475 798 2534 aduolauit:
820 2481 926 2537 Punico
944 2482 1011 2539 betto
1023 2486 1148 2555 nmmum
1168 2500 1287 2539 naama-

176 2586 266 2641 chiam
281 2586 320 2639 ad
332 2585 493 2639 exercitium
509 2586 647 2640 instituere
659 2586 780 2642 Romani
793 2594 958 2658 coeperunt.-
973 2594 1120 2660 postquam
1129 2588 1290 2660 probarunt

176 2698 290 2748 exteras
305 2698 399 2763 pentes
415 2691 496 2744 etiarn
512 2691 609 2744 nauali
622 2695 773 2747 certamine
788 2695 939 2765 plurimum
955 2709 1054 2767 passe:
1077 2696 1116 2750 ad
1128 2711 1211 2767 paam
1228 2709 1289 2750 rem

177 2801 205 2853 in
220 2799 272 2853 boc
286 2799 436 2853 certamine
451 2796 556 2850 adludit
569 2799 663 2867 perita.
695 2792 776 2852 Haeo
791 2794 878 2871 igitur
889 2795 997 2854 indicia
1013 2814 1077 2855 oum
1093 2795 1214 2856 Ennium
1230 2799 1287 2876 pri·

177 2916 252 2956 mum
271 2896 381 2956 bellum
394 2897 529 2956 Punicum
542 2914 599 2955 non
619 2900 735 2958 omuino
753 2901 986 2977 praetermisisse
1011 2903 1223 2980 persuadeant,
1247 2913 1289 2964 ta·

176 3023 252 3080 men,
266 3023 302 3062 ne
315 3001 422 3063 Cicero
438 3003 506 3062 nihil
523 3002 632 3063 dixisse
650 3005 791 3080 uideatur,
804 3005 874 3064 illud
890 3008 1044 3067 tenendum
1058 3017 1103 3068 est
1115 3008 1198 3068 buius
1214 3009 1285 3069 belli

177 3113 370 3171 narrationem
398 3129 461 3169 oum
491 3109 527 3169 ab
549 3111 613 3169 aliis
635 3109 724 3169 rebus
744 3119 801 3169 tum
820 3115 994 3190 praesertim
1014 3134 1029 3174 a
1053 3117 1182 3176 seeundo
1205 3115 1287 3175 bello

177 3215 284 3274 Punico
298 3216 415 3275 multum
427 3215 570 3274 breuitate
584 3215 781 3294 discrepasse.
799 3216 903 3297 Neque
916 3220 973 3280 boo
985 3221 1023 3281 ita
1036 3219 1219 3300 inprobabile
1233 3229 1288 3285 est.

177 3318 289 3378 Etenim
310 3321 435 3399 aliquam
455 3318 520 3378 libri
542 3330 653 3398 partem
674 3322 771 3382 tribuit
794 3326 983 3403 prohoemio,
1006 3330 1034 3387 in
1051 3344 1108 3407 quo
1126 3343 1184 3384 non
1198 3343 1289 3404 paroc

179 3423 278 3497 egisse
298 3422 389 3499 ipsius
410 3431 518 3501 poetae
542 3442 626 3500 quam
648 3425 716 3485 alibi
731 3430 827 3486 notaui
845 3430 985 3506 φιλαυτία
999 3433 1103 3508 arguit.
1136 3430 1289 3495 Nimirum

178 3524 235 3584 boo
260 3528 336 3601 agit,
368 3536 398 3585 ut
426 3528 595 3587 obtrectans
615 3528 719 3589 Naeuii
744 3535 846 3610 poesi,
876 3553 960 3613 quam
983 3535 1019 3596 ab
1041 3536 1103 3597 rudi
1125 3536 1290 3597 Faunorum

180 3639 264 3688 cantu
294 3631 357 3689 iere
386 3650 442 3690 non
471 3632 579 3693 distare
609 3635 775 3714 praedicat,
804 3658 855 3699 sua
878 3642 977 3700 merita
998 3640 1132 3703 laudibus
1155 3644 1289 3706 extollat.

179 3731 224 3800 ct.
247 3733 443 3798 aut-226:
476 3740 504 3797 iu
533 3739 637 3817 quibus
666 3742 743 3820 quod
773 3744 902 3805 editores
932 3747 1005 3806 haec
1031 3765 1106 3825 quae
1138 3759 1202 3809 sunt
1225 3760 1290 3810 ουλε

178 3844 252 3899 barno
278 3837 400 3899 Ennium
428 3861 486 3902 non
517 3844 553 3904 de
583 3865 615 3905 se
646 3848 699 3907 sed
728 3847 764 3906 de
787 3847 900 3909 Naeuio
933 3833 1040 3912 efferre
1073 3857 1181 3934 opinati
1211 3865 1288 3933 sunt,

180 3942 355 4005 Ciceronem
383 3945 459 4005 Brut.
487 3948 542 4024 18,
570 3952 607 4010 71
639 3954 741 4011 nescio
765 3971 850 4031 quam
872 3955 1067 4033 incogitanter
1088 3963 1288 4041 inspexerunt.

180 4049 325 4110 Gloriatur
354 4059 447 4109 autem
469 4051 577 4113 Ennius
607 4065 636 4114 et
661 4058 723 4116 iure
751 4057 912 4135 gloriatur,
943 4064 1021 4141 quod
1047 4069 1155 4144 primus
1177 4067 1287 4129 heroos

180 4171 282 4213 uersus
307 4173 380 4237 quos
410 4162 503 4237 tenpus
532 4159 640 4236 (utrum
666 4163 723 4225 hoe
748 4184 823 4226 nexu
852 4186 887 4227 an
911 4169 979 4231 alibi
1000 4189 1057 4233 nou
1078 4172 1197 4251 dirimo,
1229 4175 1287 4239 ino.
