2932 4942
170 391 253 439 xblv
568 379 880 449 ovxosnortsss

170 551 227 611 lom
249 549 396 609 Porsenae
419 545 526 605 incidit.
571 543 720 604 Horatium
741 542 885 605 coclitem
907 547 999 619 euim,
1027 562 1084 604 non
1105 546 1155 623 qui
1187 543 1277 620 uulgo

168 654 345 717 credebatur
373 672 390 711 e
420 653 581 729 trigeminis
611 669 713 725 unum,
750 651 797 710 bic
821 670 925 712 uersus
951 656 997 710 iric
1022 670 1140 711 occasus
1170 656 1279 709 ctutum.-

168 773 198 823 αι
220 766 333 821 Oratim
353 764 471 819 inclutus
489 763 564 818 saltu
585 757 631 836 (Ι)
653 757 797 834 designat.
829 758 892 832 Qus
915 762 991 819 enim
1012 760 1125 818 ratione
1147 756 1198 816 ille
1219 755 1279 816 llo·

170 871 259 930 ratius
281 868 355 929 saltu
378 866 503 926 inclutus
523 865 652 939 dicator,
682 865 763 944 quod
789 866 940 945 epitheton
963 867 1064 926 mirum
1089 882 1174 942 quam
1201 863 1279 923 bene

169 970 275 1032 Cocliti
291 970 466 1032 conueniat?
486 971 584 1050 Atque
597 970 671 1032 baec
685 973 759 1032 ratio
775 990 867 1051 penes
879 991 925 1032 me
942 971 1094 1051 praeualet
1104 970 1184 1031 Festi
1198 972 1279 1030 testi·

170 1081 285 1155 monio,
308 1081 357 1158 qui
380 1098 397 1139 e
421 1079 461 1154 ll,
484 1096 539 1138 non
562 1079 608 1138 cui
632 1078 747 1138 uindico
770 1097 788 1137 e
810 1078 850 1137 1v
873 1078 968 1139 adiert
989 1078 1191 1156 fragmentum.
1220 1076 1279 1137 Nu·

170 1187 242 1245 meri
270 1186 473 1246 emendatione
500 1184 609 1263 egebat
635 1187 720 1245 etiam
749 1185 827 1263 quod
857 1184 883 1244 ll
912 1185 1046 1262 ascripsi.
1096 1184 1120 1244 E
1148 1183 1176 1244 ll
1203 1187 1280 1245 euim

170 1292 264 1352 anuali
287 1294 408 1353 traditur
429 1293 632 1370 fragmentum,
655 1291 731 1369 quod
754 1290 900 1366 llbergius
921 1289 992 1348 uidit
1012 1288 1099 1351 blucii
1113 1292 1280 1353 Scaeuolae

169 1399 279 1475 uerba,
308 1418 325 1459 a
355 1408 446 1460 matre
470 1408 564 1459 semet
592 1416 650 1458 nou
676 1407 806 1476 spretum
832 1397 866 1455 iri
892 1396 1083 1475 confidentis,
1116 1401 1278 1459 continere.

170 1506 270 1566 Anxur
299 1506 476 1566 Volscorum
510 1505 610 1565 urbem
643 1513 837 1584 expugnatam
865 1502 962 1562 Liuius
994 1501 1034 1562 lV
1063 1505 1104 1565 59
1135 1506 1281 1585 perbibuit

168 1618 312 1690 (oppidum
338 1622 433 1672 uetere
451 1617 570 1690 fortuna
591 1617 749 1686 opulentum
769 1620 825 1669 tres
836 1616 976 1668 exemtus
992 1615 1164 1688 direptum:
1195 1632 1280 1693 quam

170 1738 230 1779 rem
252 1719 372 1779 Ennium
391 1722 524 1797 tetigisse
549 1719 754 1799 potiusquam
779 1715 953 1793 explicatius
980 1735 1116 1778 narrasse
1147 1721 1280 1780 credide·

170 1828 235 1886 rim:
264 1844 433 1905 quamquam
457 1844 473 1885 e
502 1823 625 1885 frustulo
663 1828 808 1884 Vulscuius
829 1829 954 1898 perdidit
974 1830 1078 1885 demur
1103 1824 1176 1905 (lll)
1211 1828 1281 1887 nibil

171 1933 336 2011 conligitor.
382 1931 519 1991 Ceterum
543 1933 640 1992 Liuius
663 1929 784 1990 eandem
808 1928 909 1990 urbem
931 1933 1018 1990 etiam
1041 1934 1208 2010 posteriore
1229 1933 1280 1992 ob-

172 2040 285 2100 sidione
314 2048 449 2099 uexatam
481 2038 581 2097 tradit:
615 2037 652 2095 cl.
677 2036 703 2095 V
727 2034 756 2096 8.
782 2035 830 2094 12.
856 2037 904 2097 13.
955 2035 988 2096 lu
1012 2038 1087 2097 idem
1115 2039 1180 2099 iere
1209 2048 1280 2099 tem·

173 2162 228 2223 pus
252 2143 370 2215 (Anxur
393 2144 467 2202 enim
487 2160 513 2200 a.
536 2160 564 2201 u.
588 2160 614 2200 o.
644 2140 705 2201 349
734 2151 930 2219 expugnatum
955 2145 1017 2222 est)
1045 2144 1118 2203 solis
1146 2145 1280 2205 deiectus

172 2249 265 2324 cadit,
290 2267 376 2327 quem
400 2247 522 2307 Ennium
545 2248 573 2305 in
595 2246 746 2306 annalibus
769 2255 889 2306 notasse
918 2245 1025 2307 Cicero
1047 2248 1085 2308 de
1108 2268 1141 2309 re
1165 2250 1279 2329 publica

175 2354 187 2413 l
209 2354 258 2429 16,
276 2353 316 2413 25
330 2362 452 2414 testatur
466 2353 549 2432 (lv).
572 2350 619 2413 cf.
633 2352 821 2412 Niebuhrium
840 2351 915 2411 Hist.
929 2352 1013 2414 Rom.
1025 2354 1039 2415 l
1052 2353 1124 2430 279,
1148 2358 1197 2434 qui
1213 2357 1280 2417 sub·

174 2459 280 2534 tiliter,
304 2467 485 2538 quapropter
506 2465 600 2518 tunam
621 2468 650 2518 et
667 2439 946 2519 noctem'obstitisse
969 2458 1044 2518 soli
1066 2460 1175 2521 Ennius
1191 2462 1280 2541 dicat,

173 2565 329 2643 explicuit,
356 2582 528 2642 qrramquam
561 2582 598 2623 uc
625 2583 701 2624 nuuc
727 2565 843 2643 quidem
871 2567 938 2626 mibi
966 2567 1137 2628 incredibile
1170 2580 1216 2630 est
1245 2572 1281 2632 ad

172 2688 231 2731 nox
252 2687 355 2729 uocem
375 2671 452 2730 aliud
473 2669 592 2729 uerbum
604 2670 696 2729 fuisse
714 2672 848 2749 proximo
862 2691 950 2732 uersu
969 2673 1122 2750 adiectum,
1145 2678 1281 2738 omissum
1344 2746 1348 2753 ,

174 2797 191 2837 a
213 2776 377 2853 Cicerone,
398 2778 447 2860 qui
470 2777 540 2837 satis
563 2776 690 2837 babebat
713 2777 798 2837 iiuem
817 2797 921 2838 uersus
937 2779 1065 2839 adferre.
1095 2779 1169 2841 lllud
1185 2791 1282 2842 autem

172 2886 319 2962 ineptum,
348 2883 425 2962 quod
446 2883 578 2942 Osaunus
602 2883 637 2942 ad
658 2880 721 2944 Cic.
746 2883 767 2944 l.
789 2885 809 2944 l.
842 2887 907 2944 anni
931 2895 960 2945 et
977 2886 1036 2945 diei
1056 2895 1140 2947 notas
1164 2895 1281 2965 poetam

174 3008 232 3051 non
256 2992 283 3050 in
304 2990 386 3068 ipsos
406 3007 510 3050 uersus
531 2989 714 3050 inmiscuisse
736 2990 788 3050 sed
808 2993 940 3068 margini,
963 3010 1021 3070 quo
1044 2993 1282 3072 progredientem

173 3098 308 3177 paulatim
330 3099 524 3158 narrationem
548 3115 667 3176 semper
694 3107 792 3158 notata
821 3106 954 3176 tempora
980 3100 1202 3175 comitarentur,
1232 3100 1281 3160 ad·

171 3207 302 3286 pinxisse
325 3205 460 3284 opinatus
479 3211 535 3263 est.
569 3202 682 3263 Annum
704 3205 820 3282 quidem
838 3223 924 3282 quem
940 3203 1050 3264 Cicero.
1061 3206 1171 3265 notauit
1183 3203 1282 3266 GGCL

171 3329 227 3370 uon
247 3330 285 3371 ex
306 3311 411 3386 Ennio,
434 3312 515 3370 cuius
538 3319 701 3389 temporum
722 3310 882 3389 descriptio
895 3329 911 3370 a
926 3312 1052 3388 uulgari,
1072 3328 1157 3387 quam
1174 3308 1281 3371 Cicero

171 3419 313 3493 sequitur,
337 3416 443 3493 longe,
465 3425 497 3475 ut
514 3416 653 3491 uidimus,
680 3415 822 3490 distabat,
854 3416 907 3475 sed
936 3435 953 3475 e
977 3417 1107 3476 maximis
1130 3418 1281 3478 annalibus
1361 3398 1367 3408 ’

171 3519 276 3579 bausit.
328 3519 437 3580 Ennius
469 3539 526 3600 quo
560 3521 647 3581 modo
679 3538 781 3580 aunum
811 3519 888 3579 illius
922 3520 993 3579 solis
1026 3521 1162 3582 deiectus
1192 3524 1281 3600 signi·

172 3624 287 3699 ilcarit,
328 3628 471 3687 nescitur:
508 3626 586 3705 quod
623 3636 718 3686 autem
755 3625 848 3685 semel
884 3635 1020 3685 accurate
1056 3628 1131 3688 diem
1165 3648 1281 3690 aunum·

172 3749 229 3811 que
260 3731 439 3811 descripsit,
478 3731 544 3792 inde
577 3731 637 3791 noli
668 3734 823 3810 quicquam
856 3730 893 3790 de
926 3734 1087 3794 constantia
1124 3738 1152 3795 in
1181 3755 1217 3796 ea
1248 3757 1281 3797 re

172 3836 294 3916 quadam
318 3839 480 3917 conligere,
504 3857 589 3917 quam
611 3837 678 3897 mibi
701 3838 828 3915 quidem,
851 3838 929 3915 quod
951 3857 1039 3916 supra
1054 3841 1147 3918 tetigi,
1174 3843 1282 3903 nullam

171 3944 263 4003 inisse
287 3962 458 4022 persuasum
481 3953 534 4004 est.
581 3943 714 4022 Denique
736 3943 803 4003 buin
826 3944 902 4003 libro
924 3944 1040 4004 uindico
1061 3944 1170 4006 bellum
1192 3946 1280 4008 Galli-

171 4068 249 4109 cum:
274 4049 351 4128 quod
373 4049 481 4109 bellum
501 4068 558 4129 quo
581 4050 743 4126 fragmento
771 4050 928 4126 significari
959 4051 1038 4110 uolui
1062 4050 1133 4130 (Vl)
1164 4052 1235 4111 illud
1265 4070 1281 4111 a

170 4155 321 4216 Macrobio
340 4156 401 4214 Sat.
424 4152 476 4211 14
501 4171 529 4231 p.
552 4151 591 4212 26
609 4155 674 4215 Jau.
698 4174 715 4215 e
738 4157 863 4234 septimo
886 4157 980 4216 annali
999 4158 1112 4217 citatur.
1159 4157 1205 4216 Ao
1232 4159 1279 4216 lir-

171 4278 250 4321 mare
274 4259 388 4321 Merula
410 4258 516 4321 bouum
543 4261 737 4322 testimouium
757 4262 859 4324 fraude
887 4281 939 4323 sua
967 4262 1089 4324 studuit:
1118 4281 1204 4343 quam
1225 4261 1282 4322 llu-
