2932 4942
600 401 832 459 ENNIANAE
1200 411 1275 458 XXV

168 571 234 649 quis
263 587 328 630 oum
362 567 475 628 editore
508 567 651 646 Lipsiensi
685 568 722 628 de
756 566 871 629 Didone
905 568 955 628 uel
989 569 1046 629 alia
1079 569 1181 629 neseio
1219 587 1276 648 qua

170 676 291 735 muliere
313 675 482 752 intellegat,
512 695 665 752 permensa
688 675 806 754 passiue
828 683 874 734 est
906 675 1123 754 accipiendum,
1146 686 1177 737 ut
1199 676 1276 756 apud
1341 727 1342 730 ,

170 782 314 843 Tibullum
342 781 382 843 lll
410 782 440 858 3,
464 781 484 842 9
511 791 540 841 et
562 781 644 842 alibi:
668 783 722 842 nisi
750 783 815 862 quis
835 781 894 841 leni
914 799 998 841 manu
1026 782 1181 843 emendare
1204 803 1275 860 per·

99 927 108 941 κ
169 891 280 950 nensu'
302 889 420 965 mauult.
491 889 536 950 De
549 876 670 952 Aeneae
690 889 858 968 itineribus,
882 906 941 969 quo
960 888 1047 949 modo
1066 890 1142 968 apud
1156 889 1277 950 Ennium

170 1006 310 1058 exornata
334 997 458 1074 fuerint,
490 1006 519 1058 et
545 997 707 1076 fragmenta
734 999 839 1059 desunt
868 1015 923 1057 neo
951 1015 968 1056 e
993 994 1127 1073 Vergilio
1158 998 1278 1057 certiori

169 1103 253 1163 locus
276 1096 463 1180 coniecturae
486 1115 548 1166 est:
570 1125 657 1186 quern
678 1118 809 1184 magnam
822 1113 933 1185 partem
946 1103 1029 1184 primi
1046 1101 1112 1163 iibri
1124 1101 1160 1162 ad
1175 1101 1279 1162 Naeuii

169 1210 323 1289 exemplar
353 1216 557 1293 composuisse
585 1212 752 1273 blaorobius
781 1221 904 1273 testatur
929 1211 1006 1290 (Sat.
1032 1208 1074 1270 Vl
1102 1208 1122 1268 2
1151 1228 1181 1289 p.
1216 1209 1278 1270 514

169 1315 268 1396 lan.):
290 1324 320 1376 in
337 1325 478 1397 principio
499 1324 635 1381 Aeneidos
662 1329 809 1396 tempestas
831 1322 1008 1390 assentitur,
1036 1326 1064 1377 et
1090 1319 1182 1376 Venus
1203 1322 1281 1393 apud

170 1424 266 1484 Iouem
287 1431 464 1500 queritando
480 1433 616 1503 perieuh's
634 1433 693 1504 pilii,
714 1439 741 1489 et
754 1429 883 1506 Iuppiter
897 1446 958 1487 eam
972 1429 1006 1485 de
1022 1427 1183 1501 futurorum
1194 1443 1279 1500 pros·

166 1537 287 1608 periture
314 1539 430 1596 solatur.
473 1540 529 1596 His
555 1541 632 1596 loun
655 1545 724 1597 totus
744 1545 869 1612 stumptus
888 1555 906 1592 u
928 1536 1033 1592 Naeuio
1060 1541 1102 1591 est
1127 1552 1165 1592 ea
1185 1537 1280 1608 primo

172 1644 240 1700 labro
251 1644 314 1700 belli
325 1644 432 1702 Punici.
453 1641 558 1723 Neque
578 1651 684 1720 tamen,
697 1644 832 1723 quoniam
844 1657 902 1699 non
911 1639 1015 1699 desunt
1027 1639 1055 1697 in
1067 1657 1102 1698 ea
1114 1641 1279 1699 narratione

168 1746 293 1824 Vergilii
323 1750 466 1826 quaedam
489 1750 526 1810 ab
555 1749 648 1810 Ennio
682 1749 874 1828 deprompta,
904 1744 939 1804 ab
968 1744 1024 1804 bao
1053 1752 1138 1823 parte
1165 1747 1280 1805 omnino

172 1872 241 1913 usus
261 1856 324 1914 eius
341 1862 451 1934 poetae
471 1855 583 1916 alienus
607 1863 661 1915 est.
698 1853 756 1913 Vel
784 1854 838 1914 bos
863 1871 968 1913 uersus
995 1855 1135 1943 Iuppiter·
1153 1857 1198 1912 tis
1221 1860 1282 1913 rasit
1313 1864 1316 1869 '

171 1970 396 2039 tempestatesque
417 1979 534 2021 serenae
555 1965 693 2023 liberunt
709 1980 802 2022 omnm
819 1967 880 2021 risu
900 1963 977 2021 Inuus
997 1966 1186 2037 omnpoteno's
1206 1960 1279 2039 (ine.

171 2067 234 2128 sed.
258 2067 314 2150 lll)
337 2069 405 2149 quid
426 2067 553 2148 inpedit,
576 2086 635 2147 quo
657 2069 750 2128 minus
768 2069 853 2128 simili
874 2087 950 2128 nexu
972 2068 1040 2128 olim
1063 2067 1139 2146 apud
1159 2066 1281 2127 Ennium

169 2173 285 2234 habitos
308 2177 522 2251 existimemus,
542 2192 600 2254 quo
623 2176 711 2255 paulo
740 2177 895 2256 politiores
926 2185 1030 2257 postea
1062 2174 1211 2252 Vergilius
1238 2175 1279 2232 in·

169 2281 263 2341 texuit
285 2280 395 2344 Aenl
424 2283 486 2344 254
500 2303 544 2364 sq.
570 2291 618 2345 otti
636 2288 783 2344 subridens
802 2289 941 2345 bominum
963 2292 1142 2359 sumantque
1166 2286 1281 2343 deorum

176 2392 262 2461 Vottu,
285 2411 338 2466 quo
357 2397 463 2452 suetum
480 2402 705 2469 tempestatesque
727 2387 860 2452 serenat?
884 2389 954 2450 (lum
974 2398 1127 2471 praeterea
1150 2409 1167 2450 e
1188 2391 1280 2469 primo

170 2496 266 2557 annali
288 2497 379 2558 adlati
400 2497 510 2559 diserte
533 2519 637 2560 uersus
660 2499 755 2578 (xlx.
775 2499 846 2579 XX)
866 2497 1141 2560 descendentemde
1154 2496 1280 2576 Olympo

169 2603 316 2664 Venerem
343 2606 499 2684 designare
529 2606 713 2684 uiderentur,
741 2607 807 2668 inde
833 2615 898 2667 nata
929 2606 1116 2681 coniectura,
1148 2620 1206 2663 non
1230 2603 1281 2663 illa

73 2774 76 2785 A
170 2721 267 2788 serta,
297 2713 350 2774 sed
379 2723 476 2774 tamen
503 2714 681 2794 probabilis,
704 2724 734 2776 et
758 2715 957 2795 tempestatis,
980 2732 1037 2793 qua
1061 2712 1178 2774 Aeneas
1204 2696 1280 2790 apud

170 2817 332 2897 Vergilium
359 2821 507 2899 defertur,
537 2825 566 2882 in
588 2822 739 2882 annalibus
761 2839 879 2902 quoque
905 2825 1080 2882 mentionem
1102 2839 1159 2881 neu
1182 2820 1280 2879 Vene-

170 2927 211 2984 ris
245 2925 339 2986 nullas
370 2929 399 2988 in
427 2947 464 2988 eo
497 2931 600 2990 itinere
627 2938 727 3009 partes
758 2928 859 2988 fuisse.
906 2930 944 2989 At
976 2929 1071 3009 potuit
1099 2929 1174 2989 baeu
1196 2926 1280 2987 Ennii

172 3032 299 3090 narratio
329 3033 446 3094 multum
478 3036 597 3096 differre
626 3035 661 3095 ab
695 3053 749 3112 eo,
785 3055 872 3114 quem
899 3035 1048 3113 Vergilius
1076 3041 1194 3092 secutus
1225 3041 1280 3108 est,

171 3133 299 3196 Naeuio:
321 3148 351 3198 ut
373 3158 408 3200 ea
428 3143 550 3220 suspitio
573 3150 696 3221 propter
710 3140 888 3201 blaorobium
907 3159 965 3200 non
985 3149 1134 3200 euertatnr
1149 3140 1280 3199 omnino:

172 3242 253 3304 uelut
283 3243 320 3304 de
348 3245 480 3323 Didone,
508 3266 583 3326 quae
607 3256 669 3309 tota
695 3247 843 3310 Naeuiana
872 3256 934 3323 est,
964 3246 1085 3307 Ennium
1109 3257 1178 3327 puto
1211 3246 1282 3307 nibil

171 3351 343 3414 tradidisse:
377 3353 569 3431 fragmentum
595 3355 710 3435 quidem
732 3354 781 3415 uel
812 3356 1022 3431 testimonium,
1052 3372 1110 3434 qno
1134 3374 1198 3416 eam
1220 3374 1281 3415 reru

172 3460 310 3535 euinoas,
333 3477 391 3520 non
414 3469 504 3521 extat.

257 3563 382 3628 Aduenit
404 3568 523 3632 Aeneas
542 3571 570 3631 in
592 3571 718 3633 ltaliam:
741 3571 930 3650 designantur
949 3571 1012 3631 eius
1034 3580 1132 3632 terrae
1155 3572 1227 3631 situs
1251 3581 1281 3632 et

171 3674 287 3735 incolae
319 3678 528 3758 pristinumque
556 3698 662 3740 nomen
691 3679 821 3740 adfertur
851 3677 946 3758 (xxi.
980 3678 1071 3739 XXll.
1105 3678 1211 3741 XXlll.
1241 3680 1279 3740 si.

170 3780 314 3862 XXXll):
345 3803 421 3864 quae
444 3786 560 3864 quidem
583 3787 701 3848 dubium
727 3796 773 3846 est
797 3786 833 3846 ab
856 3788 961 3866 ipsone
982 3793 1070 3866 poeta
1091 3787 1222 3848 dieantur
1244 3805 1280 3846 an

172 3889 208 3950 ab
238 3891 296 3951 alio
323 3893 423 3953 neseio
447 3911 505 3972 quo
528 3913 614 3973 quern
635 3894 803 3971 loquentem
823 3894 948 3954 inducat.
978 3891 1010 3952 ln
1032 3892 1164 3957 Aeneide
1185 3893 1197 3953 l
1218 3894 1279 3954 530

171 3996 301 4058 llioneus
319 3997 440 4060 Aeneae
456 4002 555 4061 socius
568 4012 608 4062 est
628 4008 712 4075 loeus,
736 4001 835 4079 inquit,
858 4005 1025 4078 Hesperium
1041 4006 1112 4062 Grai
1123 4006 1282 4075 eopnomine

172 4109 278 4178 simunt,
315 4110 405 4166 Terra
426 4116 556 4186 uotique,
574 4118 674 4184 potens
694 4113 780 4166 urnis
801 4117 883 4184 atque
912 4112 996 4168 ubere
1024 4111 1135 4184 glebae,
1169 4108 1283 4164 Oenotri

169 4217 278 4272 soluere
304 4219 374 4280 usi-i,-
398 4234 473 4274 nuno
498 4219 579 4291 famu
605 4222 726 4277 minores
752 4218 864 4275 Italiam
886 4221 990 4275 danesse
1012 4219 1090 4273 ducis
1116 4218 1151 4272 de
1170 4219 1279 4273 nominee

168 4329 285 4396 genum.
339 4318 385 4381 De
416 4319 578 4401 llesperia,
608 4323 705 4402 prisea
732 4320 833 4383 ltaliae
861 4320 1077 4401 adpellatione,
1111 4335 1196 4398 quam
1219 4316 1277 4381 Eu·
