2932 4942
189 404 237 452 xx
588 398 901 468 ovnusunouas

187 564 269 622 minis
299 564 452 641 imaginem
479 565 626 643 perficiat:
658 581 722 622 cum
751 564 834 631 nnius
862 563 927 623 libri
953 563 1032 623 mille
1064 572 1093 623 et
1121 565 1296 642 quingentos

187 669 235 729 uel
257 680 411 731 sescentos
433 672 482 732 uel
506 673 580 734 adeo
603 671 789 748 octingentos
811 688 915 730 uersus
935 671 1026 731 luisse
1047 671 1208 746 adsumam,
1237 688 1297 730 non

187 776 304 836 multum
326 796 342 838 a
364 796 436 837 uero
460 797 579 838 numero
602 779 705 839 uideor
732 779 889 839 declinare.
933 778 1017 838 Vnde
1042 777 1178 857 adparet,
1206 796 1296 856 quan·

186 881 248 942 tilla
284 901 352 962 pars
378 886 475 964 quanti
505 885 639 944 carminis
666 884 701 945 ad
729 901 782 944 nos
811 887 994 965 peruenerit:
1031 888 1164 964 quoniam
1193 903 1295 947 omnes

186 1008 289 1050 uersus
307 1009 501 1070 uersuumque
518 988 678 1071 particulae
693 1001 876 1071 computatae
892 995 941 1052 uix
958 994 1071 1053 tertiam
1083 1003 1193 1072 partem
1212 996 1294 1056 unius

185 1114 223 1156 ex
245 1098 442 1177 duodeuiginti
463 1099 544 1159 libris
564 1100 736 1177 adaequent.
780 1098 876 1177 Larga
893 1101 1030 1160 materies
1051 1102 1078 1160 ei
1099 1103 1147 1180 qui
1163 1100 1294 1161 Merulae

185 1205 349 1284 exemplum
374 1207 497 1265 imitatus
526 1225 544 1265 e
566 1205 663 1282 Liuio,
695 1206 853 1282 Dionysio,
890 1207 954 1267 aliis
979 1226 1075 1267 rerum
1098 1208 1293 1287 scriptoribus

183 1328 236 1369 suo
265 1312 398 1390 periculo
428 1313 550 1391 explere
577 1314 705 1374 inmensa
733 1314 886 1375 interualla
916 1315 1097 1392 susceperit,
1132 1316 1160 1373 iu
1186 1314 1292 1394 quibus

185 1419 323 1479 uersiculi
354 1428 385 1479 ut
412 1420 488 1499 apud
516 1420 676 1498 Vergilium
702 1420 745 1480 illi
768 1422 843 1481 ‘rari
871 1429 973 1480 nantes
1001 1422 1029 1480 in
1048 1423 1165 1499 gurgite
1188 1426 1292 1482 uasto'

183 1530 333 1601 uagantur.
378 1527 437 1587 Sed
460 1528 579 1588 annales
602 1528 748 1588 Romanos
772 1530 891 1608 spiritu,
919 1529 943 1586 si
960 1527 1004 1587 dis
1020 1527 1135 1606 placet,
1159 1527 1292 1589 Enniano

182 1633 371 1694 conscribere
397 1635 462 1695 aliis
490 1637 639 1715 relinquo,
673 1638 738 1715 ipse
766 1643 918 1695 contentus
947 1636 971 1694 si
993 1651 1050 1693 non
1079 1635 1235 1720 infeliciter
1260 1647 1292 1697 et

181 1738 254 1798 lines
275 1751 503 1821 argumentaqne
523 1742 661 1802 librorum
683 1751 713 1802 et
733 1742 889 1804 mediocris
912 1758 1047 1801 uersuum
1069 1741 1159 1819 partis
1184 1758 1291 1799 nexum

180 1864 216 1906 ac
238 1866 355 1908 sensum
376 1849 514 1927 indagare
535 1850 699 1927 contigerit.

264 1952 503 2032 Fragmentorum
524 1974 644 2015 numero
665 1955 783 2016 relionis
805 1955 893 2016 facile
918 1963 1048 2034 praestat
1071 1955 1205 2033 primus
1228 1972 1288 2013 an·

88 2039 91 2051 ¹
179 2059 292 2120 nalis:
322 2064 351 2121 in
378 2081 463 2142 quem
485 2080 543 2122 non
570 2080 681 2142 paucos
702 2081 806 2123 uersus
834 2062 1001 2142 opinatione
1027 2060 1108 2120 intuli
1130 2062 1192 2119 siue
1215 2060 1287 2120 alio·

179 2186 241 2226 rum
269 2169 332 2227 siue
361 2187 442 2229 mea:
473 2187 529 2229 nec
556 2171 581 2228 si
610 2173 655 2230 cui
682 2170 770 2250 paulo
799 2170 846 2230 bic
874 2168 993 2228 liberius
1020 2186 1090 2227 usus
1119 2169 1287 2227 coniectura

178 2273 296 2351 uidear,
325 2275 354 2335 id
382 2278 445 2337 sine
472 2278 585 2337 ratione
611 2276 727 2336 lactum.
772 2274 885 2354 Nempe
908 2294 946 2335 ex
974 2275 1061 2334 initiis
1084 2277 1179 2354 potius
1202 2293 1288 2354 quam

178 2398 195 2440 e
216 2381 317 2442 mediis
342 2391 371 2441 et
400 2385 537 2445 extremis
560 2382 733 2444 carminibus
754 2382 933 2458 grammatici
955 2380 1130 2460 depromere
1152 2383 1287 2462 exempla

178 2489 291 2549 solent:
320 2499 351 2549 ut
372 2490 554 2569 probabilior
579 2492 616 2550 sit
644 2490 702 2551 boc
730 2492 846 2550 nomine
870 2491 993 2569 suspitio
1022 2506 1097 2568 quae
1122 2488 1189 2549 huic
1211 2489 1285 2550 libro

177 2613 262 2674 quam
284 2614 359 2674 quae
380 2598 429 2658 alii
452 2597 557 2658 tribuat
579 2597 748 2674 fragmenta.

261 2702 419 2764 Exordium
446 2703 555 2764 Ennius
580 2703 735 2765 Homerum
767 2705 890 2765 imitatus
927 2705 1004 2782 capit
1036 2701 1072 2762 ab
1101 2700 1282 2761 inuocatione

176 2807 320 2869 Musarum
337 2811 400 2870 siue
416 2792 638 2885 Casmenarum,
662 2828 734 2888 quas
750 2818 869 2870 ueteres
883 2810 974 2870 Latini
992 2807 1135 2868 uocabant
1148 2804 1280 2883 (ll.lll):

175 2933 294 2995 quarum
316 2917 393 2995 quod
414 2917 462 2978 hic
483 2919 658 2977 mentionem
680 2917 796 2991 iniecit,
826 2937 864 2977 ex
890 2935 972 2976 more
998 2918 1068 2977 iecit
1093 2920 1199 2993 poeta,
1232 2912 1280 2990 qui

174 3024 283 3083 inferre
308 3042 401 3084 uoces
423 3026 596 3104 peregrinas
619 3024 647 3081 in
670 3023 792 3101 patrium
814 3040 977 3082 sermonem
998 3023 1061 3083 iere
1083 3022 1137 3081 nisi
1159 3020 1280 3100 explici-

173 3140 217 3191 tas
247 3140 276 3190 et
305 3149 370 3190 cum
401 3131 569 3209 uulgaribus
601 3128 778 3207 compositas
809 3130 914 3189 noluit:
950 3129 986 3188 de
1014 3147 1071 3208 quo
1102 3144 1183 3188 more
1215 3126 1283 3186 alibi

172 3237 256 3316 plura
276 3255 460 3316 expromam:
483 3237 553 3299 illud
575 3245 682 3297 tantum
698 3235 784 3296 modo
807 3239 924 3312 mirum,
946 3236 1022 3314 quod
1041 3236 1091 3296 uel
1107 3237 1134 3295 in
1150 3236 1282 3295 carminis

172 3345 345 3424 prohoemio
369 3355 398 3405 et
420 3346 449 3403 in
465 3343 608 3404 Musarum
630 3344 828 3424 adpellatione
850 3344 1066 3420 grammaticum
1088 3345 1161 3420 agit:
1184 3360 1280 3421 quam·

172 3470 257 3531 qnam
285 3455 334 3512 uix
357 3453 500 3530 aptiorem
527 3449 594 3509 huic
614 3452 712 3510 uersui
735 3453 836 3512 sedem
858 3467 942 3527 quam
971 3449 999 3506 in
1028 3451 1118 3526 prima
1137 3448 1280 3509 Musarum

172 3559 446 3620 commemoratione
468 3557 611 3635 reperias.
657 3557 761 3617 Earum
783 3576 857 3638 ope,
880 3564 911 3615 ut
931 3553 1062 3627 uidetur,
1087 3557 1195 3616 clarum
1218 3572 1280 3615 car·

171 3686 236 3726 men
260 3676 290 3726 et
316 3663 467 3724 inmortale
496 3663 620 3723 futurum
644 3675 799 3742 auguratus
822 3683 839 3725 a
860 3661 1002 3746 prlaorlp
1023 3660 1139 3720 scilicet
1162 3679 1218 3719 non
1243 3663 1280 3719 ita

169 3774 281 3834 alienus
304 3781 392 3852 poeta
415 3770 487 3850 (Ν)
511 3770 613 3830 nescio
638 3770 741 3848 quibus
763 3770 902 3849 gradibus
926 3780 955 3830 et
981 3786 1038 3848 quo
1061 3776 1137 3827 nexu
1163 3776 1277 3825 senten·
1323 3779 1328 3789 ·

169 3884 227 3942 tiae
248 3881 284 3941 ad
304 3878 375 3940 illud
398 3878 519 3938 celebre
538 3878 677 3938 somnium
699 3881 815 3957 pergit,
839 3879 915 3938 unde
937 3878 1062 3955 diligens
1079 3874 1162 3936 Ennii
1185 3883 1279 3933 secta·

169 3998 216 4048 tor
234 3985 383 4063 Vergilius
414 3985 532 4045 colores
556 3985 696 4064 quosdam
723 3986 826 4044 somnii
849 3986 969 4045 Aeneae
997 3982 1186 4066 deprompsit.
1233 3979 1278 4041 ct.

169 4095 243 4155 Aen.
261 4092 288 4153 ll
303 4091 364 4153 270
376 4109 442 4170 sqq.
460 4101 490 4152 et
501 4093 621 4152 Seruius
633 4091 669 4151 ad
682 4092 709 4152 b.
724 4091 743 4151 l.
799 4091 883 4153 Ennii
893 4095 1044 4168 somnium,
1062 4089 1144 4148 ouius
1156 4085 1279 4166 paucula

168 4200 309 4280 quaedam
329 4199 452 4274 uestigia
470 4210 586 4275 extant,
610 4201 694 4278 quasi
711 4197 852 4279 τηλαυγὲς
867 4194 1027 4280 πρόσωπον
1048 4197 1076 4254 in
1097 4196 1162 4274 ipso
1182 4193 1278 4253 limine

167 4305 301 4366 carminis
326 4307 452 4385 positum
476 4307 568 4367 luisse
595 4306 684 4384 aliqui
708 4313 800 4365 testes
826 4305 956 4383 tradunt,
993 4303 1047 4365 sed
1074 4304 1114 4362 ita
1142 4309 1173 4360 ut
1200 4301 1278 4359 ueris
