2932 4942
250 335 292 399 bu
687 336 925 397 auunnivn

265 520 327 581 345
356 511 445 600 Apta
464 508 549 577 solet
569 508 660 577 canis
685 509 771 577 forte
789 509 892 577 ierant
911 506 959 575 sei
977 529 1056 575 nare
1075 505 1189 598 sagaci

355 613 483 697 Sensit,
510 633 595 682 uoce
617 634 680 682 sua
695 611 787 681 nictit
805 610 976 704 ululatque
997 611 1040 679 ihi
1063 615 1169 680 acute.

771 745 847 816 Vlll
940 789 945 797 »

355 865 558 956 Aspectabat
579 864 735 934 uirtutem
755 862 898 956 legionis
919 862 991 932 suai

318 1007 322 1012 -
354 968 544 1060 Expectans
564 969 593 1037 si
614 972 780 1038 mussaret
803 989 888 1059 quae
908 965 1054 1057 denique
1073 985 1179 1054 pausa

354 1071 529 1163 Pugnandi
551 1072 646 1141 fieret
665 1076 721 1140 aut
742 1070 816 1140 duri
834 1069 910 1139 finis
931 1068 1063 1138 laboris

784 1205 832 1277 ix

267 1333 329 1394 350
359 1375 617 1401 .....
669 1323 833 1393 horitatur
851 1321 1065 1413 induperator

246 1648 252 1657 „
356 1559 465 1652 Regni
490 1567 657 1631 uersatum
681 1561 779 1651 pilam
801 1582 1007 1631 summamue
1030 1560 1216 1630 columnam

682 1698 699 1735 'l
924 1695 942 1732 tl

803 1754 819 1792 lt

254 1900 373 1966 uestigiis
382 1898 473 1948 leuiter
481 1899 616 1965 ganniens,
628 1900 758 1950 utEnnius
766 1901 793 1950 in
803 1899 865 1951 tii:
879 1900 972 1951 uelati’
983 1915 1006 1949 e.
1015 1914 1070 1962 q.a.
1084 1900 1162 1949 ‘unde
1170 1898 1228 1964 ipsa
1236 1898 1370 1965 gannitio!

256 1970 350 2020 Paulus
363 1986 389 2034 p.
403 1967 454 2019 tro
468 1967 501 2018 M.
522 1969 633 2018 ‘nictit
651 1971 722 2019 canis
738 1972 765 2019 in
783 1970 921 2020 odorandis
940 1969 1051 2019 ferarum
1067 1968 1185 2034 uestigiis
1203 1967 1295 2016 leuiter
1307 1982 1372 2033 gan·

255 2042 337 2090 niens.
371 2039 479 2088 Ennius:
503 2052 565 2087 nare
632 2038 772 2102 ululatque.
791 2040 859 2089 unde
879 2049 903 2089 et
914 2040 1048 2105 gannitio'
1077 2039 1225 2088 Thesaurus
1238 2052 1297 2085 uon.
1314 2037 1370 2086 Lat.

255 2112 302 2174 (Α.
312 2110 364 2158 Mai
373 2115 438 2157 auct.
451 2105 526 2156 class.
539 2108 598 2157 Vlll
607 2106 674 2170 372)
684 2109 753 2159 ‘hino
762 2110 839 2159 etiam
848 2111 935 2158 nicto
945 2124 983 2170 as,
993 2109 1027 2159 cii
1037 2108 1080 2157 uel
1089 2109 1177 2167 nicini,
1189 2107 1258 2170 quod
1266 2109 1372 2172 proprie

256 2181 365 2244 pertinet
379 2177 412 2226 ad
426 2190 516 2235 canes,
532 2177 633 2239 quando
645 2176 785 2227 bestiarum
798 2180 909 2244 uestigia
922 2179 1102 2240 insequuntur;
1122 2178 1189 2227 unde
1205 2186 1229 2226 et
1244 2176 1373 2227 Caecilius

257 2250 289 2298 de
301 2247 413 2310 quodam
426 2259 488 2294 cane
502 2246 566 2294 bene
580 2247 675 2308 inquit:
695 2248 766 2296 nictit
776 2247 915 2310 holetque!
986 2248 1044 2296 Vlll
1057 2247 1225 2314 Philargyrus
1238 2248 1264 2295 in
1276 2246 1369 2312 Georg.

256 2319 291 2367 tv
305 2316 356 2368 188
372 2320 532 2364 ‘mussant
544 2315 587 2364 hic
600 2325 766 2367 murmurant.
787 2316 857 2376 Quae
869 2332 921 2366 nox
934 2319 1038 2382 ponitur
1049 2325 1074 2368 et
1085 2319 1112 2366 in
1124 2317 1227 2367 tacendi
1242 2315 1372 2382 significa-

256 2389 340 2446 tione,
364 2393 393 2434 ut
405 2383 476 2450 apud
488 2385 598 2435 Ennium
612 2386 639 2434 in
653 2386 740 2437 XVll:
762 2384 821 2453 [Vl]
837 2388 967 2438 Interdum
984 2395 1010 2436 et
1029 2402 1076 2453 pro
1097 2387 1214 2437 dubitare
1232 2395 1273 2434 ut:
1287 2384 1371 2450 iheu.

256 2456 305 2506 Xll
318 2452 381 2519 657]
398 2453 524 2518 [Mrrssant
537 2463 622 2504 autern
635 2454 803 2522 murmurant]
821 2457 919 2507 Ennius
928 2458 955 2506 in
965 2456 990 2506 X
999 2457 1037 2506 sio
1046 2457 1094 2506 ait:
1110 2455 1270 2521 aspectabat·
1286 2471 1371 2518 e.q.s.

327 2524 364 2575 IX
382 2523 520 2573 Diomedes
537 2525 549 2573 l
567 2539 594 2590 p.
608 2523 660 2577 378
673 2526 701 2576 Ρ.
726 2526 856 2576 ‘hortatur
875 2526 946 2589 quod
961 2526 1041 2591 uulgo
1059 2526 1184 2586 dicimus,
1206 2534 1305 2575 ueteres
1322 2539 1373 2575 uon

257 2594 322 2644 nulli
335 2594 466 2643 horitur
484 2593 603 2644 dixerunt
617 2602 643 2643 ut
655 2595 752 2645 Ennius
764 2597 826 2647 xvi
838 2596 982 2647 annalium:
1002 2593 1075 2661 [XV]
1102 2595 1173 2646 idem
1186 2596 1212 2644 in
1224 2594 1262 2644 X:
1282 2595 1373 2645 hori-

257 2675 309 2714 tur
323 2663 552 2729 induperator;
574 2665 648 2727 quasi
662 2667 749 2730 specie
765 2667 902 2715 iteratiuaf
973 2665 998 2715 X
1016 2665 1131 2715 Donatus
1149 2665 1176 2715 in
1194 2665 1253 2714 Ter.
1268 2664 1371 2714 Phorm.

258 2735 319 2794 111,
334 2734 367 2784 57
388 2732 521 2783 ‘columen
538 2748 600 2784 uero
618 2733 746 2785 lsmiliae:
770 2736 901 2796 columen,
914 2734 1031 2796 culmen.
1049 2750 1082 2784 an
1102 2734 1219 2784 columen
1237 2734 1373 2784 columna?

257 2832 293 2843 -
303 2830 339 2842 —
350 2803 470 2853 Horatius
484 2811 573 2853 centra
586 2818 634 2870 pro
646 2804 774 2856 columine
788 2805 933 2857 columnam
949 2803 1063 2868 [Carml
1073 2802 1117 2866 bb,
1126 2803 1169 2869 14]
1186 2805 1284 2855 Ennius
1294 2803 1333 2857 Χ.
1341 2839 1347 2852 ·
1356 2805 1372 2853 .’

259 2968 449 3049 Conspe-155.
467 2979 552 3034 ueluti
568 2979 592 3034 si
610 2980 723 3050 quando
738 2980 800 3036 ced.
816 2980 902 3036 ueluti
919 2979 1034 3051 quando
1050 2978 1194 3035 Turnebus
1204 2980 1277 3034 Adu.
1289 2978 1322 3033 X
1330 2984 1372 3042 lb,

180 3058 190 3071 ⁴
260 3061 459 3119 &Muellerus
544 3064 646 3120 uinclis
664 3066 794 3120 uenatica
816 3066 901 3120 uelox
927 3065 1081 3121 Turnebus.
1102 3066 1222 3120 uinculis
1245 3063 1374 3120 uenatica

260 3164 370 3204 ueneno
392 3147 453 3204 ced.
472 3148 566 3204 uinclo
583 3149 717 3205 uenatiea
733 3155 805 3206 atino
827 3149 952 3223 Sonipes
1057 3152 1110 3207 oto
1126 3153 1191 3221 apia
1206 3151 1278 3223 solet
1294 3148 1374 3202 canis

259 3232 393 3306 Scaiper.
411 3239 496 3304 rapta
510 3233 597 3301 solet,
613 3251 667 3291 om.
681 3235 775 3303 canis,
793 3235 854 3291 cod.
875 3234 929 3307 (cs.
943 3233 983 3290 H.
993 3231 1101 3289 Keilius
1116 3235 1134 3288 l.
1146 3235 1166 3290 l.
1177 3252 1210 3307 p.
1222 3238 1290 3300 621)
1309 3239 1375 3303 apta

260 3319 324 3373 silet
336 3318 415 3372 canis
429 3317 573 3375 Turnebus
656 3320 726 3375 lorte
739 3321 826 3375 leram
838 3320 892 3387 sei]
907 3319 932 3374 si
948 3319 1018 3373 iorte
1034 3334 1069 3372 ex
1083 3319 1145 3374 cad.
1161 3320 1230 3373 lorte
1247 3320 1333 3372 leram
1349 3317 1374 3371 si

260 3418 296 3455 ex
314 3399 447 3473 Scaliger,
464 3401 618 3459 Turnebus.
632 3411 697 3476 apta
715 3405 788 3460 solet
804 3403 829 3458 si
846 3405 915 3458 sorte
931 3404 1056 3459 lernaea
1072 3401 1104 3458 0.
1118 3402 1272 3460 Muellerus

260 3489 313 3545 346
328 3486 406 3541 nictit
418 3485 540 3555 Paulus,
566 3487 737 3544 Thesaurus.
760 3489 836 3544 nictu
853 3487 915 3543 coel.
935 3487 1021 3543 Festi.
1043 3488 1184 3559 nictatque
1208 3486 1333 3560 Seeiiper

303 3571 458 3642 ululatque]
473 3570 605 3643 holetque
623 3573 783 3629 TMsuurus
868 3578 949 3627 acute
963 3570 1096 3644 Scaliger,
1119 3573 1273 3628 Turnebus.
1293 3577 1376 3626 acuta

261 3660 289 3709 et
303 3655 364 3711 cod.
380 3655 456 3711 Festi
559 3659 611 3716 347
626 3672 670 3730 sq.
690 3653 806 3728 legioni'
824 3656 888 3712 suai
904 3657 1083 3728 Exspectans
1098 3656 1239 3730 Berpln'us
1256 3655 1375 3727 Ephern.

262 3741 310 3795 litt.
326 3739 395 3796 Hal.
413 3745 483 3800 1842
499 3739 537 3796 ΙΙ
549 3745 611 3799 230.
633 3741 753 3814 legionis
776 3742 837 3798 siue
858 3747 991 3813 spectans
1010 3741 1208 3815 Philerpyms.
1232 3742 1378 3814 spectabat

263 3827 392 3879 uiriuiem
408 3827 528 3898 legionis
544 3824 716 3897 Suspectans
731 3825 760 3880 J.
771 3826 867 3883 Densa
878 3825 969 3884 Pluut.
981 3826 1108 3898 neptun.
1121 3825 1172 3883 IV
1184 3831 1218 3885 14
1303 3841 1376 3897 quae

264 3909 385 3982 denique
395 3908 642 3982 pausaBeryln'us.
657 3910 850 3982 dubitaretque
864 3909 985 3982 denique
998 3911 1287 3983 causanr'loryyrus.
1302 3925 1377 3982 quae

263 3993 386 4067 (lenique
410 3993 662 4050 causantium
768 3998 821 4055 sio
848 3993 907 4050 lini’
929 3995 1083 4067 Berylrius,
1105 4013 1160 4052 em.
1179 3995 1377 4068 Pbberpyrus.

262 4096 353 4151 pausa
363 4079 392 4134 J.
404 4078 501 4135 omna
605 4084 659 4139 350
674 4079 810 4136 horitatur
820 4079 859 4136 Η.
870 4079 1007 4154 Ilberpr‘us
1018 4097 1081 4136 cum
1094 4080 1145 4136 Tb.
1156 4080 1258 4153 nunu.
1270 4079 1379 4135 horitur

263 4164 327 4220 lubre·
430 4167 483 4222 ³⁵1
510 4163 596 4233 pilam
613 4163 652 4219 H.
669 4163 805 4238 ineptus
829 4172 856 4221 et
874 4165 924 4222 Tb.
937 4165 1059 4238 Hupr'us,
1082 4182 1135 4222 orn.
1155 4165 1219 4221 libri
1302 4181 1379 4220 surn-

265 4265 375 4304 mamue
392 4245 640 4305 Lindenbruebs‘us.
670 4267 807 4308 summam
826 4267 894 4306 uero
916 4250 1007 4307 Gand.
1027 4249 1106 4307 leid.
1127 4250 1191 4306 edd.
1211 4257 1267 4305 uet.
1296 4251 1379 4320 regni
