2932 4942
213 336 285 381 axx
612 320 921 390 QVAESleNES

213 489 406 550 Peirescianis
428 487 454 546 ll
481 505 509 564 p.
530 483 592 544 578
614 484 713 544 Wess.
734 495 764 544 et
787 486 913 544 fortasse
930 486 1092 563 Appianum
1115 486 1151 543 fr.
1173 484 1212 543 IV
1228 483 1325 544 llaec·

216 593 394 652 donicorum.
427 591 529 651 Eidem
552 601 647 650 autem
671 593 827 650 narrationi
850 611 913 651 cnm
934 611 1021 670 supra
1037 593 1072 651 lr.
1088 592 1128 651 Vl
1143 591 1325 664 intexuerim,

216 709 274 758 tum
297 700 372 758 addo
393 716 467 757 nunc
491 699 526 757 ir.
550 696 613 756 Vll.
660 697 730 757 Cum
753 716 825 758 cane
847 700 922 758 enim
945 717 1030 776 quem
1052 704 1141 776 poeta
1163 696 1249 771 dicit,
1278 696 1326 773 qui

216 804 264 862 ubi
286 813 387 863 catena
410 805 562 863 deuinctus
587 804 678 863 leram
699 806 820 879 sentiat,
843 805 956 864 ululare
979 814 1065 864 acute
1088 803 1203 877 soleat,
1226 802 1326 859 nescio

174 915 177 921 ’
216 927 251 968 an
279 926 337 969 non
364 909 546 969 incommode
580 910 675 968 relicti
705 911 732 967 in
764 911 902 986 angustiis
927 929 990 969 cum
1020 908 1177 968 Flaminino
1206 906 1326 967 llomani

215 1014 433 1091 significentur:
457 1017 505 1092 qui
526 1034 589 1074 cum
609 1015 645 1074 ad
668 1017 792 1076 hostium
814 1025 910 1076 castra
933 1015 1086 1091 accedant,
1108 1015 1203 1074 subito
1220 1015 1326 1074 clamo·

215 1138 277 1180 rem
301 1122 416 1180 tollunt.

301 1226 396 1286 Desiit
425 1227 471 1287 hic
502 1227 577 1286 liber
604 1230 631 1285 in
656 1246 753 1306 pugna
779 1226 815 1285 ad
844 1224 1083 1304 Cynoscephalas
1111 1243 1138 1284 a.
1163 1245 1191 1283 u.
1215 1243 1241 1284 c.
1264 1224 1326 1281 555

218 1335 382 1393 commissa.
417 1334 494 1392 Ante
516 1333 573 1392 hoc
590 1334 663 1392 enim
679 1331 822 1410 proelium
838 1330 1000 1407 Quinctius,
1023 1333 1089 1391 dum
1106 1333 1208 1409 copias
1227 1349 1328 1389 omues

218 1438 246 1495 in
261 1439 353 1495 aciem
367 1440 474 1514 educit,
491 1441 598 1498 acriter
611 1440 717 1498 milites
734 1437 904 1503 cohortatur
917 1456 1002 1498 suos:
1021 1439 1097 1498 conl.
1111 1437 1192 1497 Liuio
1204 1435 1328 1496 XXXIII

217 1541 251 1602 8:
275 1563 337 1602 acm
356 1549 441 1603 rodem
461 1550 657 1605 Macedonibus
674 1555 849 1620 prapnaturcs
870 1563 937 1619 quos
955 1549 994 1602 ad
1014 1549 1097 1619 Epiri
1113 1549 1215 1621 furaces
1232 1550 1328 1604 maali-

217 1654 266 1709 bus
286 1656 497 1728 (tumoribusque
513 1663 625 1728 saeptos
645 1658 719 1710 uicta
739 1655 864 1709 natarrub'
880 1654 1042 1725 difficultate
1062 1656 1183 1712 locorum
1205 1657 1329 1727 expub's·

217 1768 278 1815 sent
306 1763 418 1832 acieque
443 1769 665 1834 expupnassent:
692 1777 755 1815 cuna
781 1763 820 1814 eis
846 1776 913 1830 patos
938 1761 973 1815 P.
1003 1761 1120 1833 Sulpicii
1139 1765 1223 1833 prius
1247 1763 1329 1818 dueta

218 1865 370 1921 abudantes
392 1869 421 1922 in
442 1869 600 1922 Eordaeam
621 1868 724 1923 aditum
745 1870 886 1922 ariensem:
908 1866 988 1936 fama
1010 1869 1125 1932 notasse,
1150 1884 1207 1923 nan
1225 1869 1330 1923 ur'ribus

217 1969 399 2026 Macedoniae
416 1989 546 2044 requam.-
566 1990 627 2028 eam
648 1989 754 2046 quoque
774 1973 882 2044 famam
900 1973 1009 2026 tandem
1022 1976 1178 2028 monuisse.
1220 1970 1251 2029 In
1274 1989 1329 2047 qua

218 2071 421 2131 cohortatione
439 2074 522 2131 uides
546 2076 711 2151 quomodo
733 2075 828 2134 locum
845 2074 953 2133 habere
975 2077 1123 2152 potuerint
1145 2073 1229 2134 Ennii
1250 2077 1328 2153 frag·

217 2186 312 2236 menta
331 2177 409 2237 Vlll.
431 2177 481 2238 IX.
499 2178 535 2237 X.

303 2282 424 2342 Relicua
451 2287 577 2345 incerta:
607 2287 659 2346 sed
681 2287 840 2359 undecimi,
864 2301 927 2343 cnm
949 2282 987 2341 de
1010 2283 1081 2342 sede
1103 2285 1172 2345 nihil
1193 2290 1328 2363 emerim,

218 2390 449 2449 emendationem
471 2393 585 2469 quidem
609 2411 692 2471 quam
714 2393 855 2471 proposui
877 2407 934 2450 non
954 2408 1046 2450 meam
1069 2393 1121 2452 sed
1144 2391 1243 2452 Iacobi
1259 2393 1329 2451 Ber-

220 2497 329 2569 naysii,
351 2499 376 2554 si
396 2508 519 2575 potero,
543 2501 701 2577 perficiam.
746 2497 802 2570 Qui
826 2516 889 2556 cum
908 2506 1008 2557 cetera
1030 2499 1183 2557 uerissime
1198 2507 1236 2556 -nt
1258 2489 1328 2576 puto

219 2601 406 2677 restituisset,
430 2623 484 2663 una
500 2618 583 2680 pater
603 2623 660 2664 rrox
679 2603 824 2682 probabiIi
847 2605 1034 2663 coniecturae
1056 2603 1227 2664 obstlnatins
1249 2605 1329 2664 uide·

218 2705 302 2764 batur
325 2708 484 2784 refragari:
510 2712 647 2789 quodque
669 2714 733 2788 ipse
761 2727 818 2768 non
844 2712 1053 2769 inconueniens
1073 2711 1190 2788 'quidem
1213 2688 1329 2771 sentcn-

217 2813 276 2870 tiae
298 2820 402 2872 aeritcr
423 2800 525 2892 posui,
548 2818 633 2877 ualde
656 2827 778 2894 propter
799 2817 963 2875 mutationis
986 2816 1249 2894 inprobabilitatem
1272 2818 1329 2877 dis·

218 2918 361 2995 plicebat:
384 2939 441 2999 quo
468 2923 583 3000 quidem
606 2924 685 2982 nolui
707 2923 784 2982 aliud
806 2922 972 2999 significare
995 2941 1078 3000 qrram
1102 2922 1195 2980 latere
1217 2922 1271 2980 sub
1294 2941 1330 2983 ea

218 3042 294 3085 uoce
310 3028 387 3104 quod
400 3028 435 3087 ad
447 3026 567 3086 Ennium
582 3030 742 3105 pertineret
756 3028 911 3105 aliquando
925 3029 1092 3087 eruendum.
1116 3026 1199 3086 Nune
1209 3026 1330 3087 linmani

216 3132 256 3190 ibi
278 3129 346 3193 nihil
369 3133 493 3192 subesse
514 3133 581 3196 mihi
597 3134 747 3211 persuasi,
770 3150 866 3209 neque
882 3151 953 3191 rrero
971 3134 1006 3192 ad
1021 3132 1107 3192 Nonii
1123 3133 1169 3211 (p.
1185 3133 1258 3208 370,
1272 3133 1328 3214 22)

218 3238 308 3296 uerba
333 3238 399 3297 inde
422 3241 575 3317 quicquam
597 3238 775 3311 redundare,
810 3239 894 3296 immo
917 3240 1079 3299 eiciendum
1105 3258 1173 3299 esse
1201 3243 1330 3317 lnportu·

218 3361 284 3400 num
315 3343 488 3401 uocabulum
522 3344 704 3404 librariorum
736 3353 792 3401 tam
830 3362 931 3403 errore
971 3362 1054 3422 qnam
1083 3347 1193 3405 incuria
1227 3356 1329 3406 ortum.

219 3445 331 3523 Nempe
354 3447 422 3505 olim
444 3453 472 3508 in
496 3449 581 3508 Nonii
612 3453 712 3509 nescio
738 3467 795 3528 quo
821 3452 926 3510 codice
953 3453 1061 3510 nostris
1083 3453 1237 3529 superiore
1257 3451 1331 3511 haec

218 3550 277 3609 loci
309 3554 426 3629 species
461 3557 666 3633 comparebat:
703 3561 812 3615 Ennius
842 3562 984 3616 annalium
1004 3562 1049 3616 lib.
1077 3561 1110 3616 X
1135 3577 1220 3634 aepra
1248 3564 1332 3618 carde

218 3663 302 3715 curnis
318 3665 413 3732 passis
440 3666 494 3719 tate
518 3668 622 3737 palmule
642 3673 754 3761 patera
772 3668 866 3738 passis
894 3669 934 3722 ait
945 3669 1050 3739 palmis
1074 3669 1284 3738 patentibus
1307 3674 1333 3724 et

219 3769 350 3821 extensis.
394 3763 504 3841 Aperta
527 3771 636 3827 erroris
655 3770 756 3844 origo,
793 3769 868 3827 unde
898 3770 1021 3846 procliui
1052 3770 1239 3847 corruptelae
1263 3787 1331 3848 pro·

217 3885 323 3944 gressu
352 3874 525 3947 posterIoris
555 3875 699 3935 librarii
692 3876 800 3933 meuria
827 3874 897 3934 illud
928 3878 1112 3953 procreauit,
1143 3876 1220 3954 quod
1244 3876 1332 3937 hodie

218 3976 421 4035 circumfertur
442 3980 470 4037 in
488 3979 579 4038 libris.

302 4080 501 4142 Vndecimo
525 4085 651 4144 annali
675 4103 722 4143 res
736 4083 885 4144 Flaminini
900 4086 1100 4145 continuantur
1116 4103 1151 4144 ac
1173 4084 1208 4143 ir.
1233 4081 1329 4143 ll‘lai-

217 4184 288 4265 lippi
309 4189 452 4266 ingenium
474 4189 660 4268 designatur,
690 4191 738 4267 qui
759 4208 822 4249 cum
846 4199 912 4250 ante
934 4191 1051 4249 multum
1073 4189 1257 4269 insuperbire
1280 4206 1327 4272 so·
