2932 4942
172 350 246 398 xcn
572 322 887 409 ovansrionns

173 506 337 566 ostendunt.
383 504 439 564 Vel
464 504 539 564 hacc
569 493 638 577 τους
658 508 715 582 μῦς
735 497 830 577 Αἶνος
855 505 912 583 ἔχει
938 498 1097 584 μεγάλους,
1123 492 1240 583 derceio
1257 498 1286 563 d’

164 602 304 692 Ἄβυδος,
330 604 387 682 Τὰς
408 604 535 690 ἄρκτους
551 604 679 690 Πάριον,
704 602 772 683 τους
794 609 827 670 δὲ
847 605 950 683 κτένας
971 605 990 690 ἡ
1013 605 1184 690 Μιτυλήνη,
1203 611 1290 671 Πλεί-

174 735 259 789 στους
285 708 313 775 d’
335 706 500 797 Ἀμβρακία
532 709 652 795 παρέχει
679 736 742 776 cum
765 718 809 776 his
832 717 969 776 Ennianis
993 732 1152 795 compone:
1196 735 1291 776 mures

173 837 238 884 sunt
254 830 337 898 Aeni,
361 831 452 899 spissa
472 837 565 884 ostreo
587 830 713 898 plurima
735 829 835 900 Abydi,
859 830 911 883 Est
923 836 1023 900 pecten
1045 828 1196 901 Mitylenae
1215 842 1241 882 e.
1259 840 1288 902 q.

175 947 199 986 s.
226 938 255 987 et
277 920 415 990 πώλυποι
435 928 469 989 ἕν
490 951 519 989 τε
542 927 633 1012 arcp
653 927 704 988 stol
722 929 821 1013 Καρίᾳ
845 930 918 990 εἰσὶν
940 925 1055 1011 ἄριστοι
1071 928 1130 990 nat
1152 922 1291 1010 Κέρκυρα

174 1028 273 1114 τρέφει
293 1026 420 1107 πολλοὺς
446 1030 591 1115 μεγάλους
613 1056 642 1093 τε
669 1026 702 1096 τὸ
722 1040 840 1115 πλῆθος
865 1026 1049 1095 οιυυἘυυίἰε
1077 1040 1200 1110 polypus
1222 1038 1288 1094 Gor-

175 1162 278 1219 cyrae‚
302 1147 429 1201 caluaria
448 1147 563 1217 pinpuio
582 1161 728 1216 acernae,
750 1146 888 1218 Purpura
914 1147 1043 1200 morteuil
1062 1159 1173 1212 murex,
1196 1145 1290 1199 dulcet

175 1267 281 1323 quoquc
310 1251 407 1306 echini.
451 1246 496 1306 De
521 1238 628 1309 finibus
658 1255 753 1305 antem
781 1265 816 1306 ac
852 1248 975 1306 consilio
1005 1246 1138 1305 carminis
1168 1245 1290 1304 Enniani

176 1355 243 1414 nihil
268 1356 338 1414 licet
361 1373 398 1413 ex
420 1370 475 1412 uno
498 1354 575 1432 quod
606 1352 769 1430 Appuleius
792 1354 907 1413 tradidit
930 1354 1092 1431 fragmento
1119 1352 1287 1428 conligere:

176 1480 231 1520 nec
257 1460 327 1520 illud
354 1461 544 1520 confidentius
570 1460 743 1518 adfirmarim
771 1469 882 1536 partem
907 1470 1066 1520 saturarum
1097 1478 1182 1534 esse,
1219 1457 1289 1516 licet

177 1567 270 1626 Varro
293 1569 320 1626 in
339 1569 444 1626 saturis
466 1564 532 1646 περὶ
554 1559 720 1643 ἐδεσμάτων
743 1567 841 1640 egisse
864 1567 1002 1627 tradatur.
1047 1568 1085 1626 At
1109 1583 1213 1624 uersus
1232 1563 1288 1622 En·

177 1676 252 1732 niani
274 1673 456 1733 multifariam
480 1692 514 1733 ac
537 1671 626 1731 foede
650 1688 713 1729 cum
736 1670 917 1731 librariorum
940 1675 1048 1733 incuria
1071 1683 1130 1733 tum
1152 1671 1289 1731 socordia

176 1781 318 1840 editorum
341 1780 492 1858 deprauati
521 1776 815 1839 circumferebantur:
847 1777 1035 1856 quiquidem
1059 1779 1218 1857 quamlibet
1237 1777 1289 1837 he·

175 1896 370 1947 xametrorum
393 1885 548 1960 licentiam,
579 1887 660 1943 cuius
680 1884 749 1943 alibi
777 1903 833 1944 nec
854 1885 921 1945 uolo
946 1904 1002 1945 nec
1024 1886 1179 1961 uestigium
1201 1884 1289 1961 adpa-

175 1993 275 2069 rebat,
294 1994 337 2053 his
359 1992 494 2051 uersibus
517 1992 683 2050 concedere
706 2007 763 2048 non
784 1990 957 2051 dubitarunt.
1004 1991 1096 2064 Quam
1117 2009 1175 2069 ego
1198 1991 1288 2051 licen-

175 2102 243 2160 tiam
266 2117 379 2159 omnem
402 2096 502 2175 expuli
525 2096 723 2174 confidenter,
759 2098 833 2156 adeo
866 2116 902 2157 ne
924 2098 1072 2158 audaciam
1095 2096 1211 2176 quidem
1237 2096 1288 2155 ali·

177 2223 260 2284 quam
297 2223 361 2264 cum
396 2205 507 2262 ratione
534 2203 688 2263 adhibitam
725 2204 935 2264 reformidans:
971 2205 998 2262 in
1034 2220 1091 2281 quo
1124 2219 1232 2261 uereor
1259 2211 1290 2260 ut

177 2328 322 2389 prospere
348 2311 440 2368 omnis
465 2309 531 2367 mihi
561 2310 724 2369 emendatio
748 2313 889 2370 cesserit:
918 2310 1004 2368 modo
1033 2309 1103 2368 illud
1127 2308 1287 2382 effecerim,

177 2427 208 2477 ut
228 2434 265 2475 ne
289 2419 353 2495 quis
375 2416 424 2476 illa
448 2425 527 2476 certa
555 2425 642 2494 atque
666 2418 771 2477 intacta
794 2417 955 2495 praedicet.

625 2638 750 2729 carin
772 2668 840 2730 vin

261 2840 383 2902 Restant
406 2839 462 2899 duo
483 2838 549 2898 iibri
571 2837 709 2914 Enniani,
734 2839 770 2898 de
794 2837 898 2915 quibus
918 2836 1090 2898 breuissime
1113 2852 1287 2914 expromere

176 2950 347 3008 sententiam
376 2947 483 3024 placet.
535 2943 785 3022 Epicharmus
808 2944 887 3021 (nam
921 2944 945 3001 is
970 2952 1014 3001 est
1036 2943 1111 3002 alter
1131 2958 1231 3000 eorum
1255 2940 1287 3000 li·

177 3056 309 3133 brorum)
334 3057 388 3113 iam
411 3051 533 3111 dubitari
556 3052 655 3131 nequit
677 3052 744 3128 quin
767 3068 824 3109 uno
850 3058 942 3109 metro
966 3049 1118 3108 trochaico
1140 3048 1287 3127 perscrip-

176 3172 222 3221 tus
255 3161 357 3235 fuerit,
394 3177 458 3218 oum
494 3167 523 3218 ct
553 3172 653 3217 omnes
684 3159 732 3236 qui
764 3159 887 3217 citantur
919 3175 957 3214 cx
984 3154 1159 3234 Epicharmo
1184 3170 1288 3213 uersus

176 3268 251 3327 hunc
266 3282 414 3324 numerum
430 3264 563 3341 prodant,
582 3273 611 3322 et
631 3279 773 3339 eosquos
792 3264 861 3323 olim
879 3262 926 3321 hic
941 3259 1182 3320 circumferebant
1200 3257 1288 3316 hena-

177 3381 286 3430 metros
311 3369 396 3428 nobis
415 3371 645 3447 persuascrimus
664 3387 702 3426 ex
718 3369 859 3428 annalium
875 3367 997 3426 exordio
1017 3367 1185 3444 desumptos
1203 3382 1288 3423 csse:

178 3477 216 3536 cf.
240 3493 269 3553 p.
298 3473 379 3533 XXII
408 3493 453 3552 sq.
499 3474 558 3534 Sed
588 3477 630 3533 eis
658 3476 777 3533 remotis
806 3492 842 3533 eo
867 3473 1013 3534 difficilius
1046 3480 1091 3531 est
1120 3470 1156 3528 de
1189 3468 1288 3528 indole

179 3581 312 3642 carminis
335 3579 431 3656 deque
461 3596 495 3637 ea
523 3580 652 3655 ratione,
681 3598 756 3658 quae
783 3580 905 3639 Ennium
932 3581 1007 3638 inter
1033 3587 1062 3638 ct
1086 3575 1289 3655 Epicharmuni

178 3687 396 3761 intercesserit,
420 3686 559 3744 iudicare.
604 3683 675 3744 Nam
697 3687 774 3764 quod
797 3686 918 3746 Ennium
941 3685 1003 3744 siue
1020 3683 1155 3761 dispersa
1176 3683 1204 3741 in
1219 3681 1288 3761 Epi·

178 3793 286 3854 charmi
309 3789 469 3851 comocdiis
487 3789 664 3868 philosophe
695 3791 772 3850 dicta
798 3791 975 3870 compilasse
1002 3792 1076 3849 siue·
1095 3787 1131 3848 ab
1155 3789 1220 3848 aliis
1247 3789 1288 3845 in·

178 3901 303 3960 stitutam
341 3895 597 3974 Epicharmearum
630 3897 835 3956 sententiarum
873 3897 1088 3956 conlectionem
1121 3893 1289 3954 adhibuisse

178 4007 242 4065 siue
264 4003 390 4082 denique
409 4002 584 4079 singularem
605 3999 770 4079 Epicharmi
795 4001 862 4083 περὶ
892 3998 1009 4080 φύσεως
1031 4001 1134 4060 librum
1163 4017 1286 4060 conuer-

176 4112 248 4170 tisse
270 4110 399 4171 arbitrati
432 4118 514 4184 suut,
548 4125 648 4166 eorum
685 4107 753 4167 nihil
780 4115 825 4168 est
865 4105 943 4184 quod
974 4107 1072 4184 aliquo
1101 4106 1287 4184 reliquiarum

178 4218 303 4277 adsensu
320 4216 537 4296 comprobetur.
574 4214 612 4273 ht
625 4213 734 4273 Ennius
754 4215 838 4274 ctiam
854 4215 878 4272 si
893 4214 1037 4294 quaedam
1056 4212 1093 4273 ab
1109 4209 1286 4290 Epicharmo
