2932 4942
603 374 840 433 ANNALIVM

694 542 728 611 V
741 541 757 578 ili

269 664 392 732 Fronto
414 662 517 752 Epist.
540 663 589 732 13
611 686 642 753 p.
661 670 680 732 8
702 661 753 730 ed.
773 661 867 730 Rom.
898 665 1048 730 ‘transeo
1071 681 1158 728 nunc
1179 660 1221 729 ad
1243 659 1281 744 Ο.

166 767 306 835 Ennium
328 770 487 850 nostrum,
511 788 608 857 quem
627 771 663 833 tu
685 766 735 834 ais
756 786 799 832 ex
812 786 929 833 somno
952 763 1054 832 etex’
1079 764 1156 851 (orn.
1175 763 1283 854 Nieb.)

167 871 306 940 ‘somnio
317 869 441 938 initium
457 869 527 938 sibi’
543 868 773 957 (scribendi
788 890 850 937 em.
859 867 895 937 L.
904 866 1116 958 Sclropeuns)
1133 868 1283 936 ‘iecisse’

673 1004 721 1075 VI
735 1003 775 1040 Η

223 1137 277 1196 5.
332 1178 339 1194 .
394 1178 402 1194 .
455 1147 573 1193 somno
596 1124 661 1194 leni
674 1123 879 1216 ¹placidoque
899 1124 1067 1193 reuinctus

678 1259 771 1330 Vll*

457 1434 464 1448 .
520 1379 613 1449 uisus
630 1379 795 1450 Homerus
815 1381 935 1450 adesse
953 1381 1062 1471 poeta.

672 1517 748 1587 Vlll
762 1518 779 1550 *
837 1538 841 1547 ·

270 1632 697 1727 ffiffifflm‘

687 1771 763 1842 IX*

272 1889 444 1960 Lucretius
465 1891 478 1958 l
501 1902 560 1961 116
586 1893 776 1985 ‘ignoratur
793 1891 880 1960 euim
904 1910 990 1982 quae
1010 1888 1052 1957 sit
1069 1890 1187 1956 natura
1208 1885 1284 1968 ani-

169 1994 232 2063 mai
260 2047 268 2062 .
297 2047 305 2062 .
335 2047 342 2062 .
389 1994 443 2061 An
462 1996 608 2083 pecudes
627 1997 710 2066 alias
731 1994 888 2064 diuinitus
908 1993 1051 2061 insinuet
1075 2012 1131 2074 se,
1157 1990 1284 2059 Ennius

169 2104 206 2165 ut
224 2102 338 2165 noster
363 2096 495 2180 cecinit,
534 2099 588 2189 qui
611 2099 737 2189 primus
759 2120 899 2167 amoeno
922 2094 1045 2165 Detulit
1062 2115 1105 2162 ex
1126 2092 1284 2162 Helicone

170 2200 305 2290 pereuni
324 2197 441 2266 fronde
459 2221 633 2286 coronam,
661 2202 726 2270 Per
753 2201 864 2292 gentis
888 2198 985 2269 Italas
1008 2196 1176 2266 hominum
1199 2215 1283 2286 quae

170 2303 260 2371 clara
279 2301 421 2387 clueret3
450 2302 519 2370 Etsi
539 2310 712 2393 praeterea
732 2307 841 2373 tamen
865 2325 940 2372 esse
957 2299 1142 2370 Acherusia
1163 2296 1285 2387 templa

171 2405 297 2473 Ennius
318 2403 461 2473 aeternis
485 2407 621 2496 exponit
643 2407 796 2477 uersibus
819 2407 938 2491 edenS,
976 2403 1050 2488 Quo
1074 2423 1182 2494 neque
1203 2423 1285 2491 per·

171 2512 302 2577 manent
327 2507 454 2576 animae
479 2529 586 2601 neque
611 2532 753 2601 corpora
777 2513 908 2594 nostra,
947 2507 1015 2577 Sed
1049 2505 1211 2599 quaedam
1235 2503 1285 2572 si·

171 2611 316 2680 mulacra
347 2610 453 2678 modis
487 2612 644 2701 pallentia
678 2613 785 2700 miris3
833 2611 951 2681 Vntle
987 2609 1065 2679 sibi
1098 2612 1284 2703 exortam

171 2735 334 2804 semper
364 2713 562 2783 florentis
587 2715 755 2785 Homeri
781 2714 1080 2784 Commemorat
1105 2710 1285 2802 speciem

171 2818 365 2887 lacrimas
401 2817 620 2887 effundere
655 2819 792 2888 salsas
830 2817 1036 2908 Coepisse
1074 2818 1114 2882 et
1151 2832 1285 2882 rerum

171 2924 356 2990 naturam
376 2921 616 3009 expandere
638 2921 783 2990 dictis!

170 3107 281 3167 tinisque
300 3103 447 3153 nominibus
474 3139 480 3152 .
502 3139 535 3152 ..
577 3105 674 3163 Ennius
699 3106 725 3153 in
745 3107 828 3170 primo
853 3119 912 3152 auu.
935 3140 940 3151 .
960 3137 967 3150 .
988 3103 1003 3150 .'
1028 3096 1114 3166 (aun.]
1134 3112 1206 3147 uam
1224 3096 1287 3146 Pro·

172 3174 234 3239 bus)
303 3175 339 3222 Vi
362 3173 454 3221 Fronto
473 3175 555 3239 Epist.
573 3175 608 3222 IV
624 3175 655 3224 12
676 3190 702 3240 p.
720 3174 771 3225 110
790 3175 831 3223 etl.
848 3173 927 3223 Romi
948 3172 987 3220 ‘si
1007 3168 1109 3233 quaudo
1128 3175 1153 3216 te
1174 3173 1310 3216 somno*

173 3245 252 3302 leui,
272 3251 297 3290 ut
316 3245 393 3307 poeta
406 3243 455 3302 ait,
476 3244 678 3308 placidoque
697 3245 868 3293 reuinctus
882 3243 958 3292 uideo
973 3241 999 3289 in
1013 3239 1124 3295 somnis,
1147 3249 1286 3297 numquam

173 3321 211 3362 est
225 3313 287 3373 quin
298 3311 438 3374 amplectar
450 3321 474 3361 et
485 3313 618 3362 exosculor
639 3350 645 3361 .
661 3349 668 3361 .
684 3350 691 3363 .
709 3349 715 3361 .
748 3312 797 3362 boc
814 3328 893 3362 uuum
911 3326 948 3361 ex
968 3308 1030 3359 anu
1035 3307 1142 3358 atibus
1155 3312 1285 3370 sumptum

173 3382 267 3429 amoris
284 3381 335 3428 mei
355 3389 530 3443 argumentum
551 3384 679 3446 poeticum
702 3390 727 3431 et
749 3397 810 3431 saue
832 3380 1050 3431 somniculosum?
1122 3376 1170 3425 Vll
1197 3374 1286 3424 Cicero
1342 3386 1345 3393 ·

173 3451 253 3498 Acad.
268 3464 307 3513 pr.
324 3447 404 3507 1116,
421 3450 452 3498 51
477 3454 551 3498 ‘num
567 3466 656 3500 censes
670 3451 780 3499 Ennium
800 3467 857 3500 oum
882 3453 907 3500 in
927 3451 1007 3499 hortis
1027 3463 1084 3497 cum
1100 3446 1190 3496 Seruio
1206 3443 1287 3494 Galba

174 3519 356 3568 ambulsuisset
369 3517 484 3566 dixisse:
499 3521 571 3568 rusus
586 3535 643 3568 sum
655 3519 720 3568 mibi
732 3535 790 3569 eum
797 3519 879 3570 Galba
891 3518 1040 3569 ambulare?
1058 3518 1092 3567 At
1104 3531 1162 3565 cum
1175 3514 1287 3563 somnia-

173 3589 223 3643 uit,
243 3587 370 3635 narrauit:
386 3587 474 3634 uisns’
494 3605 516 3637 e.
534 3605 558 3650 q.
575 3604 597 3637 s.
629 3589 728 3638 Ibidem
742 3590 821 3648 1127,
835 3588 870 3640 88
889 3589 1083 3639 ‘dormientium
1102 3594 1126 3637 et
1143 3584 1287 3633 uinulento

174 3673 231 3706 rum
251 3664 275 3705 et
289 3655 443 3719 furiosorum
460 3657 518 3706 uisa
530 3658 691 3707 inbecilliora
705 3674 762 3708 esse
776 3659 881 3709 dicebas
895 3674 971 3721 quam
983 3657 1147 3722 uigilantium
1160 3655 1287 3703 siccorum

173 3741 302 3776 sanorum.
330 3722 493 3782 Quomodo?
518 3728 578 3789 quia
591 3743 648 3776 curn
661 3737 824 3793 experrectus
840 3737 907 3777 esset
921 3729 1018 3777 Ennius
1033 3740 1093 3775 nou
1110 3740 1143 3774 se
1158 3723 1287 3772 uidisse

174 3798 353 3853 Homerum,
373 3794 428 3843 sed
442 3795 546 3845 uisum
559 3799 649 3846 esse.¹
677 3797 799 3847 crudem
816 3795 1077 3863 dempturum
1095 3791 1287 3843 ‘litenimtere

174 3875 202 3917 ut
221 3865 387 3931 cogitationes
406 3879 587 3928 sermonesque
608 3867 688 3916 nostri
706 3868 807 3932 pariant
826 3867 924 3930 aliquid
944 3867 970 3915 iu
989 3860 1079 3915 somno
1094 3863 1146 3913 tale
1160 3862 1236 3924 quale
1255 3861 1287 3909 de

174 3939 283 3988 Homero
299 3934 387 3984 scribit
399 3935 505 3993 Ennius,
525 3935 556 3984 de
571 3951 620 3999 quo
635 3937 756 3986 uidelicet
769 3937 921 4002 saepissime
935 3936 1048 4001 uigilans
1061 3933 1161 3984 solebat
1175 3933 1288 3997 cogitare

175 4017 200 4058 et
218 4007 307 4068 loqui!
378 4004 439 4053 Vlll
464 4003 570 4054 Seruius
590 4007 616 4055 iu
635 4008 700 4056 Aen.
715 4007 803 4057 11274
827 4008 871 4056 ‘ei
890 4005 984 4055 milri:
1008 4005 1084 4055 Ennii
1103 4003 1212 4053 uersus.'
1247 4000 1287 4050 Ad

175 4195 228 4233 om.
244 4177 353 4234 Probus
438 4180 570 4234 cluebuul
587 4179 616 4234 J.
628 4179 723 4235 Doaaa
739 4179 817 4252 apud
830 4177 978 4235 Metulum.
994 4181 1125 4235 eluebant
1137 4176 1247 4233 Probus

218 4267 236 4322 6
257 4264 286 4318 in
302 4265 409 4319 somnis
425 4264 492 4320 mihi
508 4265 574 4320 add.
589 4263 708 4332 Merula,
723 4266 793 4321 conl.
818 4265 900 4338 Vera.
914 4266 985 4320 Aen.
999 4263 1036 4319 ΙΙ
1047 4267 1101 4322 270
