2932 4942
595 347 839 418 auurovrnr

693 512 742 586 IV

267 636 445 730 Tarquinio
462 635 551 706 dedit
572 603 745 728 imperium
767 633 865 704 simul
887 637 920 706 et
941 636 1015 706 sola
1034 636 1140 730 regni.

704 770 739 841 V

268 893 398 964 Circum
416 914 474 963 sos
495 916 581 986 quae
602 897 681 965 sunt
702 914 845 986 magnae
866 895 985 986 gentes
1006 893 1184 986 opulentae

698 1028 746 1101 Vl

268 1148 340 1221 Hac
358 1154 458 1220 noctu
478 1151 536 1221 filo
559 1150 715 1243 pendebit
735 1149 868 1221 Etruria
886 1154 966 1222 tota

693 1285 756 1356 VH

269 1407 451 1499 Postquam
474 1404 597 1477 defessi
618 1409 696 1476 sunt
717 1411 806 1478 stare
828 1410 861 1476 et
880 1427 1043 1499 spargere
1064 1426 1141 1477 sese

183 1518 242 1579 155
271 1510 403 1579 Hastis:
431 1509 556 1579 ansatis
575 1513 776 1580 concurrunt
796 1510 943 1603 undique
961 1509 1046 1579 telis.

763 1645 779 1682 *

271 1748 424 1820 Tarauna
445 1770 567 1840 corpus
587 1644 814 1820 honabgrbina
835 1749 916 1819 lauit
936 1751 969 1818 et
988 1746 1093 1834 unxit.
1183 1805 1186 1813 .

270 1987 453 2085 prodinunt
472 1989 601 2059 famuli:
628 1885 855 2060 tumDeKandida
874 1986 997 2057 lumina
1014 1986 1133 2056 lucent.
1180 1999 1184 2005 '

738 2124 755 2162 ss

272 2228 314 2296 Et
336 2227 391 2321 qui
413 2233 530 2299 sextus
548 2233 619 2301 erat
637 2127 764 2301 Rorbae
781 2250 924 2323 regnare
946 2227 1127 2323 quadratae
1171 2254 1174 2259 ·

167 2429 249 2479 bonus
266 2431 351 2480 Annus
373 2429 495 2492 reliquit!
567 2432 603 2481 1v
621 2435 711 2484 Festus
727 2448 754 2499 p.
770 2431 871 2484 29811.
896 2430 1032 2488 ‘solum‚
1052 2436 1154 2479 terram.
1183 2429 1281 2480 Ennius

169 2499 185 2547 1.
202 2501 237 2548 111
254 2501 309 2548 ...’
379 2501 402 2548 V
421 2501 510 2549 Festus
524 2509 551 2566 p.
566 2501 615 2553 301
631 2503 665 2553 Μ.
689 2507 758 2553 ‘sos
770 2518 817 2568 pro
832 2515 876 2550 eos
889 2501 987 2563 antiqui
1001 2500 1129 2557 dicebant,
1144 2504 1172 2547 ut
1184 2499 1282 2548 Ennius

168 2569 234 2618 111:
257 2567 329 2634 [XX]
349 2569 365 2618 Ι.
382 2569 416 2618 111
433 2572 486 2619 ...’
558 2573 594 2620 VI
614 2573 759 2623 Maerobius
779 2572 832 2622 Sat.
848 2571 890 2620 14
911 2587 937 2636 p.
953 2569 986 2620 26
1002 2570 1059 2619 dan.
1082 2569 1194 2618 ‘Ennius
1213 2569 1281 2618 enirn

168 2640 217 2687 nisi
237 2640 277 2688 cui
291 2639 393 2688 uidetur
412 2640 477 2689 inter
489 2647 590 2691 nostrae
610 2644 701 2693 aetatis
715 2641 849 2708 politiores
867 2640 1006 2689 munditias
1029 2637 1188 2704 respuendus
1208 2645 1285 2687 noctu

168 2709 292 2757 connubia
301 2709 368 2758 dixit
377 2708 417 2757 his
426 2710 558 2759 uersibus:
575 2710 622 2776 [IV
631 2713 663 2763 tr.
674 2712 722 2778 VI]
735 2725 784 2775 quo
798 2713 823 2760 in
838 2710 893 2759 loco
908 2708 1162 2758 animaduertendum
1171 2715 1218 2764 est.
1232 2721 1283 2756 non

168 2778 251 2826 sotum
268 2778 336 2840 quod
350 2787 425 2828 noctu
439 2780 564 2829 concubia
577 2781 623 2831 sed
638 2781 707 2845 quod
720 2782 796 2831 etiam
808 2795 858 2843 qua
872 2788 947 2827 noctu
960 2779 1063 2827 dixerit.
1091 2778 1122 2827 Et
1135 2777 1184 2826 hoe
1198 2778 1284 2842 posuit

169 2847 194 2893 in
209 2847 339 2896 sonnatium
354 2848 478 2912 septimo,
497 2849 524 2897 in
538 2865 645 2912 quorum
658 2852 732 2901 tertio
746 2851 840 2899 clarius
855 2849 924 2897 idem
936 2848 1018 2897 dixit:
1037 2847 1098 2896 hao'
1118 2863 1140 2895 e.
1153 2862 1177 2909 q.
1191 2862 1212 2894 s.

170 2915 217 2962 th
239 2915 383 2965 Macrobius
402 2915 456 2965 Sat.
476 2918 513 2966 Vl
533 2919 546 2966 1
567 2935 593 2985 p.
610 2918 662 2969 499
677 2921 734 2969 Jan.
767 2923 933 2968 ‘concurrunt
953 2916 1067 2977 undique
1088 2914 1146 2964 tetis
1163 2915 1285 2964 indomiti

170 2983 307 3048 agricolae.
331 2983 407 3048 [Aen.
426 2986 474 3034 VM
493 2984 555 3050 520]
580 2988 677 3036 Ennius
697 2989 815 3036 intortio
838 2987 893 3034 ...'
965 2985 1025 3034 V111
1046 2984 1152 3033 Seruius
1172 2985 1199 3032 in
1218 2985 1282 3032 Aen.

169 3054 205 3101 Vi
219 3052 271 3100 219
286 3053 389 3101 ‘lauant
401 3052 519 3118 frigentis
533 3062 557 3103 et
570 3064 682 3122 ungunt:
701 3071 791 3105 uersus
805 3055 881 3105 Ennii
895 3055 938 3116 qui
950 3055 1002 3103 ait:
1017 3053 1163 3114 Tarquinii’
1179 3068 1202 3101 e.
1220 3068 1245 3115 q.
1261 3067 1283 3100 s.

171 3123 286 3171 Donatus
306 3123 331 3169 in
344 3122 403 3171 Ter.
419 3122 480 3170 Hec.
497 3123 546 3184 12,
561 3124 596 3174 (tt)
618 3125 698 3189 (uxor
713 3123 820 3186 dieitur)
840 3124 926 3186 ‘quod
947 3124 1012 3173 lotos
1026 3123 1131 3172 maritos
1148 3123 1222 3186 ipsae
1237 3136 1285 3170 un·

170 3192 291 3256 girabant,
308 3191 380 3240 ouius
392 3192 429 3241 rei
438 3192 510 3240 testis
520 3193 631 3242 Ennius:
647 3195 707 3243 exin
718 3193 900 3257 Tarquinium'
915 3209 938 3242 e.
951 3208 976 3255 q.
987 3207 1017 3246 s.
1027 3191 1173 3257 (Ennius
1188 3192 1285 3241 testis

171 3270 222 3311 est
247 3262 330 3326 Lugd.
359 3261 400 3310 ed.
426 3259 551 3324 Medioi.)
625 3264 661 3313 IX
683 3265 771 3314 Festus
799 3280 826 3330 p.
847 3262 900 3312 229
923 3262 956 3312 M.
986 3261 1197 3327 ‘prodinunt,
1226 3276 1287 3326 pro-

171 3332 263 3390 deunt,
289 3339 316 3379 ut
335 3331 432 3380 Ennius
451 3331 537 3380 annali
556 3332 573 3380 1.
590 3334 626 3381 111
645 3335 697 3383 ...’
725 3334 819 3383 Paulus
837 3331 927 3398 pets
938 3332 971 3382 M.
995 3331 1205 3396 ‘prodinunt‚
1226 3346 1285 3398 pro-

171 3401 258 3450 deunt.
293 3401 404 3449 Ennius:
425 3401 577 3466 prodinunt'
599 3419 622 3453 e.
639 3419 664 3465 q.
680 3418 702 3453 s.
773 3404 798 3453 X
823 3404 913 3452 Festus
932 3417 958 3467 p.
975 3400 1027 3452 258
1046 3401 1079 3451 Μ.
1106 3401 1285 3464 ‘quadratu

214 3577 265 3632 154
287 3579 361 3629 stare
374 3575 412 3642 et]
431 3581 504 3631 stant
514 3580 542 3630 et
552 3576 623 3631 utri.
639 3580 756 3632 stertunt
766 3591 817 3632 ms.
834 3593 888 3650 mp.
907 3576 1168 3634 msotorePontono.
1183 3575 1285 3632 stando

170 3665 197 3714 et
207 3657 360 3715 Pontnnus.
377 3665 483 3715 stantes
499 3660 669 3727 Seriverius,
681 3662 765 3734 prob.
781 3662 924 3718 Fontanus
1031 3668 1082 3720 155
1103 3661 1192 3717 hostis
1209 3660 1286 3716 Med.

255 3744 344 3800 hastis
360 3745 465 3801 ansatis
481 3744 612 3802 Columna
719 3752 770 3806 156
787 3747 918 3802 Tarenini
932 3763 1035 3818 eorpus
1057 3746 1089 3804 G.
1104 3746 1286 3818 Ptinzpema)

170 3829 287 3902 prem.
316 3831 364 3885 litt.
392 3829 455 3885 Jen.
486 3835 554 3888 1858
577 3848 611 3902 p·
639 3837 689 3892 156
717 3831 883 3887 Ritacbelr‘ns
907 3831 983 3887 Mus.
1006 3831 1103 3903 philol.
1137 3829 1198 3887 VII
1224 3833 1285 3887 598.

170 3914 313 3986 Tarquinii
328 3931 431 3985 eorpus
444 3914 569 3971 Seruius.
592 3916 657 3970 exin
672 3915 853 3987 Tarquinium
866 3917 992 3972 Donatus
1006 3916 1100 3988 (prob.
1115 3910 1289 3970 Weicbertus

170 4000 204 4054 de
218 4014 293 4054 uers.
310 4001 357 4054 ini.
374 4014 450 4070 susp.
460 4017 494 4072 p.
510 4003 558 4064 60)
579 4002 633 4055 nisi
651 4001 724 4074 qnod
748 4002 814 4057 exin
835 4000 1006 4073 Tarquinum
1029 4000 1092 4054 edd.
1111 4002 1166 4053 net.
1188 4014 1224 4051 ex
1243 3998 1286 4051 in-

171 4085 296 4154 terquinr'r
310 4084 399 4156 Lupd.
486 4083 612 4140 Merulae
632 4085 757 4157 fallaciis
778 4087 874 4141 nititur
889 4086 1070 4141 Suerdoioeus
1091 4082 1171 4137 Vind.
1184 4095 1287 4153 praec.
1335 4090 1343 4099 '

172 4167 262 4223 Bentt.
275 4171 351 4239 par
459 4171 508 4227 157
523 4169 686 4240 prodinunt]
701 4170 741 4243 cf.
754 4169 920 4226 Ritacbelsin
933 4170 968 4223 de
984 4169 1072 4239 epipr.
1086 4165 1195 4221 Sorano
1210 4165 1287 4220 Bon·

172 4262 230 4305 nae·
249 4256 362 4325 185212·
386 4256 413 4312 n
523 4258 574 4312 158
598 4260 625 4308 et
640 4255 687 4326 qui
706 4261 802 4308 sextus
819 4260 879 4307 erat
899 4252 942 4308 M.
962 4251 1104 4307 Horisius.
1124 4255 1152 4306 et
1167 4250 1230 4324 quis
1245 4254 1288 4306 est
