<?xml version="1.0" encoding="UTF-8"?>
<!DOCTYPE html PUBLIC "-//W3C//DTD XHTML 1.0 Transitional//EN"
    "http://www.w3.org/TR/xhtml1/DTD/xhtml1-transitional.dtd">
<html xmlns="http://www.w3.org/1999/xhtml" xml:lang="en" lang="en">
 <head>
  <title>
</title>
<meta http-equiv="Content-Type" content="text/html;charset=utf-8" />
  <meta name='ocr-system' content='tesseract 3.04.00' />
  <meta name='ocr-capabilities' content='ocr_page ocr_carea ocr_par ocr_line ocrx_word'/>
</head>
<body>
  <div class='ocr_page' id='page_1' title='image "./ennianaepoesisr00ennigoog_0187.png"; bbox 0 0 2932 4942; ppageno 0'>
   <div class='ocr_carea' id='block_1_1' title="bbox 651 366 886 426">
    <p class='ocr_par' dir='ltr' id='par_1_1' title="bbox 651 366 886 426">
     <span class='ocr_line' id='line_1_1' title="bbox 651 366 886 426; baseline -0.009 0"><span class='ocrx_word' id='word_1_1' title='bbox 651 366 886 426; x_wconf 79' lang='lat' dir='ltr'>ANNAL&#39;IVM</span> 
     </span>
    </p>
   </div>
   <div class='ocr_carea' id='block_1_2' title="bbox 318 536 1144 734">
    <p class='ocr_par' dir='ltr' id='par_1_2' title="bbox 318 536 1144 734">
     <span class='ocr_line' id='line_1_2' title="bbox 703 536 844 611; baseline -0.035 0"><span class='ocrx_word' id='word_1_2' title='bbox 703 536 844 611; x_wconf 88' lang='lat' dir='ltr'>CXXVI</span> 
     </span>
     <span class='ocr_line' id='line_1_3' title="bbox 318 638 1144 734; baseline -0.011 -18"><span class='ocrx_word' id='word_1_3' title='bbox 318 696 700 716; x_wconf 85' lang='grc'><strong>.......</strong></span> <span class='ocrx_word' id='word_1_4' title='bbox 753 645 925 734; x_wconf 85' lang='lat' dir='ltr'>tetrosque</span> <span class='ocrx_word' id='word_1_5' title='bbox 948 638 1144 730; x_wconf 75' lang='lat' dir='ltr'>elephantos</span> 
     </span>
    </p>
   </div>
   <div class='ocr_carea' id='block_1_3' title="bbox 319 776 1148 971">
    <p class='ocr_par' dir='ltr' id='par_1_3' title="bbox 319 776 1148 971">
     <span class='ocr_line' id='line_1_4' title="bbox 695 776 850 850; baseline -0.026 0"><span class='ocrx_word' id='word_1_6' title='bbox 695 776 850 850; x_wconf 84' lang='lat' dir='ltr'>CXXVII</span> 
     </span>
     <span class='ocr_line' id='line_1_5' title="bbox 319 876 1148 971; baseline -0.01 -17"><span class='ocrx_word' id='word_1_7' title='bbox 319 939 578 955; x_wconf 92' lang='grc'><strong>.....</strong></span> <span class='ocrx_word' id='word_1_8' title='bbox 578 892 581 897; x_wconf 83' lang='grc'><strong>’</strong></span> <span class='ocrx_word' id='word_1_9' title='bbox 634 938 642 954; x_wconf 92' lang='grc'><strong>.</strong></span> <span class='ocrx_word' id='word_1_10' title='bbox 697 936 705 952; x_wconf 92' lang='grc'><strong>.</strong></span> <span class='ocrx_word' id='word_1_11' title='bbox 759 882 848 951; x_wconf 81' lang='lat' dir='ltr'>stant</span> <span class='ocrx_word' id='word_1_12' title='bbox 868 879 1008 971; x_wconf 85' lang='lat' dir='ltr'>puluere</span> <span class='ocrx_word' id='word_1_13' title='bbox 1031 876 1148 969; x_wconf 84' lang='lat' dir='ltr'>campi.</span> 
     </span>
    </p>
   </div>
   <div class='ocr_carea' id='block_1_4' title="bbox 687 1016 855 1090">
    <p class='ocr_par' dir='ltr' id='par_1_4' title="bbox 687 1016 855 1090">
     <span class='ocr_line' id='line_1_6' title="bbox 687 1016 855 1090; baseline -0.024 0"><span class='ocrx_word' id='word_1_14' title='bbox 687 1016 855 1090; x_wconf 85' lang='lat' dir='ltr'>CXXVIII</span> 
     </span>
    </p>
   </div>
   <div class='ocr_carea' id='block_1_5' title="bbox 319 1117 1222 1207">
    <p class='ocr_par' dir='ltr' id='par_1_5' title="bbox 319 1117 1222 1207">
     <span class='ocr_line' id='line_1_7' title="bbox 319 1117 1222 1207; baseline -0.011 -13"><span class='ocrx_word' id='word_1_15' title='bbox 319 1178 703 1195; x_wconf 89' lang='grc'><strong>.......</strong></span> <span class='ocrx_word' id='word_1_16' title='bbox 757 1124 870 1207; x_wconf 83' lang='lat' dir='ltr'>uestro</span> <span class='ocrx_word' id='word_1_17' title='bbox 888 1120 959 1190; x_wconf 86' lang='lat' dir='ltr'>sine</span> <span class='ocrx_word' id='word_1_18' title='bbox 975 1118 1116 1188; x_wconf 86' lang='lat' dir='ltr'>momine</span> <span class='ocrx_word' id='word_1_19' title='bbox 1133 1117 1222 1186; x_wconf 85' lang='lat' dir='ltr'>uenti</span> 
     </span>
    </p>
   </div>
   <div class='ocr_carea' id='block_1_6' title="bbox 704 1258 841 1331">
    <p class='ocr_par' dir='ltr' id='par_1_6' title="bbox 704 1258 841 1331">
     <span class='ocr_line' id='line_1_8' title="bbox 704 1258 841 1331; baseline -0.029 0"><span class='ocrx_word' id='word_1_20' title='bbox 704 1258 841 1331; x_wconf 87' lang='lat' dir='ltr'>CXXIX</span> 
     </span>
    </p>
   </div>
   <div class='ocr_carea' id='block_1_7' title="bbox 507 1373 1164 1463">
    <p class='ocr_par' dir='ltr' id='par_1_7' title="bbox 507 1373 1164 1463">
     <span class='ocr_line' id='line_1_9' title="bbox 507 1373 1164 1463; baseline -0.012 -16"><span class='ocrx_word' id='word_1_21' title='bbox 507 1432 514 1447; x_wconf 92' lang='lat'><strong>.</strong></span> <span class='ocrx_word' id='word_1_22' title='bbox 569 1401 630 1448; x_wconf 87' lang='lat' dir='ltr'>neo</span> <span class='ocrx_word' id='word_1_23' title='bbox 649 1377 772 1449; x_wconf 82' lang='lat' dir='ltr'>retrahi</span> <span class='ocrx_word' id='word_1_24' title='bbox 826 1430 834 1446; x_wconf 92' lang='lat'><strong>.</strong></span> <span class='ocrx_word' id='word_1_25' title='bbox 887 1428 896 1444; x_wconf 88' lang='lat'><strong>.</strong></span> <span class='ocrx_word' id='word_1_26' title='bbox 950 1427 957 1442; x_wconf 90' lang='lat'>.</span> <span class='ocrx_word' id='word_1_27' title='bbox 1012 1373 1164 1463; x_wconf 74' lang='lat' dir='ltr'>potestur</span> 
     </span>
    </p>
   </div>
   <div class='ocr_carea' id='block_1_8' title="bbox 229 1431 467 1572">
    <p class='ocr_par' dir='ltr' id='par_1_8' title="bbox 229 1431 467 1572">
     <span class='ocr_line' id='line_1_10' title="bbox 229 1431 467 1572; baseline 0.008 -24"><span class='ocrx_word' id='word_1_28' title='bbox 229 1488 291 1549; x_wconf 77' lang='lat'>595</span> <span class='ocrx_word' id='word_1_29' title='bbox 318 1431 467 1572; x_wconf 64' lang='lat' dir='ltr'>imponis</span> 
     </span>
    </p>
   </div>
   <div class='ocr_carea' id='block_1_9' title="bbox 319 1580 1176 1777">
    <p class='ocr_par' dir='ltr' id='par_1_9' title="bbox 319 1580 1176 1777">
     <span class='ocr_line' id='line_1_11' title="bbox 711 1580 834 1654; baseline -0.041 0"><span class='ocrx_word' id='word_1_30' title='bbox 711 1580 834 1654; x_wconf 92' lang='lat' dir='ltr'>CXXX</span> 
     </span>
     <span class='ocr_line' id='line_1_12' title="bbox 319 1678 1176 1777; baseline -0.009 -25"><span class='ocrx_word' id='word_1_31' title='bbox 319 1736 761 1756; x_wconf 92' lang='grc'><strong>........</strong></span> <span class='ocrx_word' id='word_1_32' title='bbox 815 1704 912 1777; x_wconf 89' lang='lat' dir='ltr'>quem</span> <span class='ocrx_word' id='word_1_33' title='bbox 935 1702 1037 1770; x_wconf 82' lang='lat' dir='ltr'>sopor</span> <span class='ocrx_word' id='word_1_34' title='bbox 1056 1678 1176 1769; x_wconf 83' lang='lat' dir='ltr'>ingens</span> 
     </span>
    </p>
   </div>
   <div class='ocr_carea' id='block_1_10' title="bbox 318 1786 629 1858">
    <p class='ocr_par' dir='ltr' id='par_1_10' title="bbox 318 1786 629 1858">
     <span class='ocr_line' id='line_1_13' title="bbox 318 1786 629 1858; baseline 0.003 -2"><span class='ocrx_word' id='word_1_35' title='bbox 318 1786 425 1857; x_wconf 85' lang='lat' dir='ltr'>Porta·</span> <span class='ocrx_word' id='word_1_36' title='bbox 439 1790 531 1858; x_wconf 86' lang='lat' dir='ltr'>tonal</span> <span class='ocrx_word' id='word_1_37' title='bbox 548 1787 629 1857; x_wconf 85' lang='lat' dir='ltr'>caeli</span> 
     </span>
    </p>
   </div>
   <div class='ocr_carea' id='block_1_11' title="bbox 320 1919 1102 2128">
    <p class='ocr_par' dir='ltr' id='par_1_11' title="bbox 320 1919 1102 2128">
     <span class='ocr_line' id='line_1_14' title="bbox 671 1919 856 2028; baseline -0.011 -35"><span class='ocrx_word' id='word_1_38' title='bbox 671 1919 856 2028; x_wconf 82' lang='lat' dir='ltr'>CXXXI*</span> 
     </span>
     <span class='ocr_line' id='line_1_15' title="bbox 320 2035 1102 2128; baseline -0.006 -21"><span class='ocrx_word' id='word_1_39' title='bbox 320 2092 328 2107; x_wconf 90' lang='lat'><strong>.</strong></span> <span class='ocrx_word' id='word_1_40' title='bbox 381 2094 389 2109; x_wconf 89' lang='lat'><strong>.</strong></span> <span class='ocrx_word' id='word_1_41' title='bbox 444 2093 452 2108; x_wconf 90' lang='lat'><strong>.</strong></span> <span class='ocrx_word' id='word_1_42' title='bbox 505 2040 617 2109; x_wconf 83' lang='lat' dir='ltr'>trahes</span> <span class='ocrx_word' id='word_1_43' title='bbox 640 2039 739 2111; x_wconf 86' lang='lat' dir='ltr'>remis</span> <span class='ocrx_word' id='word_1_44' title='bbox 761 2040 906 2108; x_wconf 79' lang='lat' dir='ltr'>rostrata</span> <span class='ocrx_word' id='word_1_45' title='bbox 923 2058 984 2128; x_wconf 83' lang='lat' dir='ltr'>per</span> <span class='ocrx_word' id='word_1_46' title='bbox 1001 2035 1102 2104; x_wconf 86' lang='lat' dir='ltr'>altum</span> 
     </span>
    </p>
   </div>
   <div class='ocr_carea' id='block_1_12' title="bbox 318 2172 1155 2386">
    <p class='ocr_par' dir='ltr' id='par_1_12' title="bbox 318 2172 1155 2386">
     <span class='ocr_line' id='line_1_16' title="bbox 681 2172 863 2246; baseline -0.016 0"><span class='ocrx_word' id='word_1_47' title='bbox 681 2174 834 2246; x_wconf 93' lang='lat' dir='ltr'>CXXXII</span> <span class='ocrx_word' id='word_1_48' title='bbox 847 2172 863 2209; x_wconf 83' lang='lat'>*</span> 
     </span>
     <span class='ocr_line' id='line_1_17' title="bbox 318 2292 1155 2386; baseline -0.01 -23"><span class='ocrx_word' id='word_1_49' title='bbox 318 2292 540 2377; x_wconf 73' lang='lat' dir='ltr'>Quantulum</span> <span class='ocrx_word' id='word_1_50' title='bbox 561 2295 633 2363; x_wconf 86' lang='lat' dir='ltr'>lieri</span> <span class='ocrx_word' id='word_1_51' title='bbox 655 2294 774 2378; x_wconf 89' lang='lat' dir='ltr'>noluit,</span> <span class='ocrx_word' id='word_1_52' title='bbox 804 2297 968 2386; x_wconf 83' lang='lat' dir='ltr'>urgentur</span> <span class='ocrx_word' id='word_1_53' title='bbox 989 2293 1023 2362; x_wconf 92' lang='lat' dir='ltr'>in</span> <span class='ocrx_word' id='word_1_54' title='bbox 1043 2310 1155 2359; x_wconf 87' lang='lat' dir='ltr'>unum.</span> 
     </span>
    </p>
   </div>
   <div class='ocr_carea' id='block_1_13' title="bbox 227 2430 1183 2648">
    <p class='ocr_par' dir='ltr' id='par_1_13' title="bbox 227 2430 1183 2648">
     <span class='ocr_line' id='line_1_18' title="bbox 676 2430 869 2502; baseline -0.005 0"><span class='ocrx_word' id='word_1_55' title='bbox 676 2430 869 2502; x_wconf 80' lang='lat' dir='ltr'>CXXXIII*</span> 
     </span>
     <span class='ocr_line' id='line_1_19' title="bbox 227 2545 1183 2648; baseline -0.007 -31"><span class='ocrx_word' id='word_1_56' title='bbox 227 2557 289 2617; x_wconf 83' lang='lat'>600</span> <span class='ocrx_word' id='word_1_57' title='bbox 317 2601 325 2616; x_wconf 90' lang='lat'><strong>.</strong></span> <span class='ocrx_word' id='word_1_58' title='bbox 380 2547 565 2640; x_wconf 71' lang='lat' dir='ltr'>spoliantur</span> <span class='ocrx_word' id='word_1_59' title='bbox 583 2570 644 2648; x_wconf 84' lang='lat' dir='ltr'>eos</span> <span class='ocrx_word' id='word_1_60' title='bbox 664 2553 697 2620; x_wconf 87' lang='lat' dir='ltr'>et</span> <span class='ocrx_word' id='word_1_61' title='bbox 715 2572 857 2641; x_wconf 83' lang='lat' dir='ltr'>corpora</span> <span class='ocrx_word' id='word_1_62' title='bbox 877 2548 966 2618; x_wconf 85' lang='lat' dir='ltr'>nuda</span> <span class='ocrx_word' id='word_1_63' title='bbox 985 2545 1183 2638; x_wconf 86' lang='lat' dir='ltr'>relinquunt.</span> 
     </span>
    </p>
   </div>
   <div class='ocr_carea' id='block_1_14' title="bbox 212 2743 1332 2956">
    <p class='ocr_par' dir='ltr' id='par_1_14' title="bbox 212 2743 1332 2956">
     <span class='ocr_line' id='line_1_20' title="bbox 213 2743 1331 2817; baseline -0.008 -17"><span class='ocrx_word' id='word_1_64' title='bbox 213 2750 353 2817; x_wconf 85' lang='lat' dir='ltr'>protulisse</span> <span class='ocrx_word' id='word_1_65' title='bbox 373 2750 555 2802; x_wconf 65' lang='lat' dir='ltr'>inueniuntur!</span> <span class='ocrx_word' id='word_1_66' title='bbox 627 2751 734 2803; x_wconf 90' lang='lat' dir='ltr'>CXXVI</span> <span class='ocrx_word' id='word_1_67' title='bbox 757 2752 872 2802; x_wconf 81' lang='lat' dir='ltr'>Isidorus</span> <span class='ocrx_word' id='word_1_68' title='bbox 892 2749 962 2817; x_wconf 82' lang='lat' dir='ltr'>OrIg.</span> <span class='ocrx_word' id='word_1_69' title='bbox 986 2749 1011 2800; x_wconf 90' lang='lat' dir='ltr'>X</span> <span class='ocrx_word' id='word_1_70' title='bbox 1032 2747 1084 2800; x_wconf 79' lang='lat'>270</span> <span class='ocrx_word' id='word_1_71' title='bbox 1108 2750 1238 2794; x_wconf 86' lang='lat' dir='ltr'>‘tetrum</span> <span class='ocrx_word' id='word_1_72' title='bbox 1262 2743 1331 2791; x_wconf 89' lang='lat' dir='ltr'>enim</span> 
     </span>
     <span class='ocr_line' id='line_1_21' title="bbox 213 2811 1332 2886; baseline -0.01 -17"><span class='ocrx_word' id='word_1_73' title='bbox 213 2828 313 2871; x_wconf 88' lang='lat' dir='ltr'>ueteres</span> <span class='ocrx_word' id='word_1_74' title='bbox 331 2835 378 2886; x_wconf 88' lang='lat' dir='ltr'>pro</span> <span class='ocrx_word' id='word_1_75' title='bbox 401 2820 471 2882; x_wconf 81' lang='lat' dir='ltr'>lero,</span> <span class='ocrx_word' id='word_1_76' title='bbox 496 2829 524 2871; x_wconf 89' lang='lat' dir='ltr'>ut</span> <span class='ocrx_word' id='word_1_77' title='bbox 545 2821 642 2872; x_wconf 85' lang='lat' dir='ltr'>Ennius</span> <span class='ocrx_word' id='word_1_78' title='bbox 662 2822 715 2871; x_wconf 87' lang='lat'>...&#39;</span> <span class='ocrx_word' id='word_1_79' title='bbox 787 2820 906 2872; x_wconf 92' lang='lat' dir='ltr'>CXXVII</span> <span class='ocrx_word' id='word_1_80' title='bbox 931 2818 1074 2885; x_wconf 75' lang='lat' dir='ltr'>Porphyno</span> <span class='ocrx_word' id='word_1_81' title='bbox 1094 2817 1121 2866; x_wconf 90' lang='lat' dir='ltr'>In</span> <span class='ocrx_word' id='word_1_82' title='bbox 1139 2814 1199 2863; x_wconf 86' lang='lat' dir='ltr'>Hor.</span> <span class='ocrx_word' id='word_1_83' title='bbox 1215 2811 1300 2861; x_wconf 82' lang='lat' dir='ltr'>Carm.</span> <span class='ocrx_word' id='word_1_84' title='bbox 1321 2812 1332 2859; x_wconf 93' lang='lat' dir='ltr'>l</span> 
     </span>
     <span class='ocr_line' id='line_1_22' title="bbox 212 2881 1331 2956; baseline -0.011 -16"><span class='ocrx_word' id='word_1_85' title='bbox 212 2889 261 2950; x_wconf 81' lang='lat' dir='ltr'>o,1</span> <span class='ocrx_word' id='word_1_86' title='bbox 277 2891 367 2941; x_wconf 84' lang='lat' dir='ltr'>‘uides</span> <span class='ocrx_word' id='word_1_87' title='bbox 380 2899 408 2940; x_wconf 89' lang='lat' dir='ltr'>ut</span> <span class='ocrx_word' id='word_1_88' title='bbox 421 2892 473 2941; x_wconf 80' lang='lat' dir='ltr'>alta</span> <span class='ocrx_word' id='word_1_89' title='bbox 485 2897 534 2943; x_wconf 85' lang='lat' dir='ltr'>stet</span> <span class='ocrx_word' id='word_1_90' title='bbox 546 2891 607 2941; x_wconf 88' lang='lat' dir='ltr'>niue</span> <span class='ocrx_word' id='word_1_91' title='bbox 672 2897 736 2941; x_wconf 88' lang='lat' dir='ltr'>stet</span> <span class='ocrx_word' id='word_1_92' title='bbox 749 2898 835 2941; x_wconf 86' lang='lat' dir='ltr'>sutem</span> <span class='ocrx_word' id='word_1_93' title='bbox 847 2891 953 2956; x_wconf 88' lang='lat' dir='ltr'>plenum</span> <span class='ocrx_word' id='word_1_94' title='bbox 967 2890 1000 2939; x_wconf 89' lang='lat' dir='ltr'>sit</span> <span class='ocrx_word' id='word_1_95' title='bbox 1014 2888 1109 2954; x_wconf 78' lang='lat' dir='ltr'>signat,</span> <span class='ocrx_word' id='word_1_96' title='bbox 1123 2891 1151 2933; x_wconf 92' lang='lat' dir='ltr'>ut</span> <span class='ocrx_word' id='word_1_97' title='bbox 1162 2881 1260 2932; x_wconf 81' lang='lat' dir='ltr'>EnnIus</span> <span class='ocrx_word' id='word_1_98' title='bbox 1276 2914 1298 2929; x_wconf 90' lang='lat'>..</span> <span class='ocrx_word' id='word_1_99' title='bbox 1309 2882 1331 2928; x_wconf 92' lang='lat'>.&#39;</span> 
     </span>
    </p>
   </div>
   <div class='ocr_carea' id='block_1_15' title="bbox 283 2951 1430 3026">
    <p class='ocr_par' dir='ltr' id='par_1_15' title="bbox 283 2951 1430 3026">
     <span class='ocr_line' id='line_1_23' title="bbox 283 2951 1430 3026; baseline -0.011 -15"><span class='ocrx_word' id='word_1_100' title='bbox 283 2960 416 3011; x_wconf 84' lang='lat' dir='ltr'>CXXVIII</span> <span class='ocrx_word' id='word_1_101' title='bbox 440 2961 588 3011; x_wconf 75' lang='lat' dir='ltr'>Thesaurus</span> <span class='ocrx_word' id='word_1_102' title='bbox 608 2976 668 3011; x_wconf 89' lang='lat' dir='ltr'>non.</span> <span class='ocrx_word' id='word_1_103' title='bbox 684 2962 739 3010; x_wconf 82' lang='lat' dir='ltr'>Lat.</span> <span class='ocrx_word' id='word_1_104' title='bbox 763 2961 809 3026; x_wconf 78' lang='lat' dir='ltr'>(A.</span> <span class='ocrx_word' id='word_1_105' title='bbox 825 2960 877 3010; x_wconf 88' lang='lat' dir='ltr'>Mai</span> <span class='ocrx_word' id='word_1_106' title='bbox 890 2968 957 3010; x_wconf 83' lang='lat' dir='ltr'>suot.</span> <span class='ocrx_word' id='word_1_107' title='bbox 973 2958 1049 3008; x_wconf 83' lang='lat' dir='ltr'>class.</span> <span class='ocrx_word' id='word_1_108' title='bbox 1064 2955 1125 3006; x_wconf 91' lang='lat' dir='ltr'>VIII</span> <span class='ocrx_word' id='word_1_109' title='bbox 1138 2951 1204 3016; x_wconf 79' lang='lat'><strong>332)</strong></span> <span class='ocrx_word' id='word_1_110' title='bbox 1228 2951 1332 3000; x_wconf 84' lang='lat' dir='ltr'>‘iuueni</span> <span class='ocrx_word' id='word_1_111' title='bbox 1415 2955 1430 2973; x_wconf 70' lang='grc'><strong>“</strong></span> 
     </span>
    </p>
   </div>
   <div class='ocr_carea' id='block_1_16' title="bbox 211 3020 1332 3857">
    <p class='ocr_par' dir='ltr' id='par_1_16' title="bbox 211 3020 1332 3235">
     <span class='ocr_line' id='line_1_24' title="bbox 213 3020 1331 3098; baseline -0.011 -18"><span class='ocrx_word' id='word_1_112' title='bbox 213 3044 314 3094; x_wconf 89' lang='lat' dir='ltr'>quoque</span> <span class='ocrx_word' id='word_1_113' title='bbox 335 3029 385 3080; x_wconf 92' lang='lat' dir='ltr'>hoo</span> <span class='ocrx_word' id='word_1_114' title='bbox 403 3046 520 3091; x_wconf 82' lang='lat' dir='ltr'><strong>momen,</strong></span> <span class='ocrx_word' id='word_1_115' title='bbox 539 3032 593 3091; x_wconf 88' lang='lat' dir='ltr'>nis,</span> <span class='ocrx_word' id='word_1_116' title='bbox 613 3046 660 3098; x_wconf 87' lang='lat' dir='ltr'>pro</span> <span class='ocrx_word' id='word_1_117' title='bbox 675 3037 818 3089; x_wconf 78' lang='lat' dir='ltr'>moment03</span> <span class='ocrx_word' id='word_1_118' title='bbox 841 3031 909 3080; x_wconf 84' lang='lat' dir='ltr'>unde</span> <span class='ocrx_word' id='word_1_119' title='bbox 921 3029 1018 3080; x_wconf 83' lang='lat' dir='ltr'>Ennius</span> <span class='ocrx_word' id='word_1_120' title='bbox 1036 3026 1088 3075; x_wconf 75' lang='grc'><em>...·</em></span> <span class='ocrx_word' id='word_1_121' title='bbox 1117 3022 1157 3074; x_wconf 81' lang='lat' dir='ltr'>CI.</span> <span class='ocrx_word' id='word_1_122' title='bbox 1170 3023 1249 3086; x_wconf 78' lang='lat' dir='ltr'>Verg.</span> <span class='ocrx_word' id='word_1_123' title='bbox 1265 3020 1331 3070; x_wconf 81' lang='lat' dir='ltr'>Aen.</span> 
     </span>
     <span class='ocr_line' id='line_1_25' title="bbox 211 3092 1332 3161; baseline -0.009 -13"><span class='ocrx_word' id='word_1_124' title='bbox 211 3099 286 3151; x_wconf 81' lang='lat'><strong>1133</strong></span> <span class='ocrx_word' id='word_1_125' title='bbox 305 3103 376 3150; x_wconf 88' lang='lat' dir='ltr'>‘meo</span> <span class='ocrx_word' id='word_1_126' title='bbox 389 3102 445 3151; x_wconf 89' lang='lat' dir='ltr'>sine</span> <span class='ocrx_word' id='word_1_127' title='bbox 457 3101 561 3150; x_wconf 86' lang='lat' dir='ltr'>numius</span> <span class='ocrx_word' id='word_1_128' title='bbox 573 3102 657 3151; x_wconf 76' lang='lat' dir='ltr'>uenti·</span> <span class='ocrx_word' id='word_1_129' title='bbox 729 3098 837 3150; x_wconf 86' lang='lat' dir='ltr'>CXXIX</span> <span class='ocrx_word' id='word_1_130' title='bbox 855 3099 993 3150; x_wconf 83' lang='lat' dir='ltr'>Diomedes</span> <span class='ocrx_word' id='word_1_131' title='bbox 1012 3098 1063 3161; x_wconf 86' lang='lat' dir='ltr'>lp.</span> <span class='ocrx_word' id='word_1_132' title='bbox 1075 3093 1128 3146; x_wconf 76' lang='lat'>380</span> <span class='ocrx_word' id='word_1_133' title='bbox 1140 3093 1169 3142; x_wconf 88' lang='lat' dir='ltr'>P.</span> <span class='ocrx_word' id='word_1_134' title='bbox 1193 3092 1271 3140; x_wconf 86' lang='lat' dir='ltr'>‘item</span> <span class='ocrx_word' id='word_1_135' title='bbox 1284 3104 1332 3155; x_wconf 92' lang='lat' dir='ltr'>po-</span> 
     </span>
     <span class='ocr_line' id='line_1_26' title="bbox 211 3164 1260 3235; baseline -0.009 -18"><span class='ocrx_word' id='word_1_136' title='bbox 211 3170 305 3219; x_wconf 88' lang='lat' dir='ltr'>testnr&#39;</span> <span class='ocrx_word' id='word_1_137' title='bbox 324 3169 492 3234; x_wconf 87' lang='lat' dir='ltr'>(potestor</span> <span class='ocrx_word' id='word_1_138' title='bbox 511 3171 568 3220; x_wconf 84' lang='lat' dir='ltr'>Par.</span> <span class='ocrx_word' id='word_1_139' title='bbox 586 3185 601 3220; x_wconf 87' lang='lat' dir='ltr'>a</span> <span class='ocrx_word' id='word_1_140' title='bbox 616 3168 646 3235; x_wconf 85' lang='lat' dir='ltr'>h)</span> <span class='ocrx_word' id='word_1_141' title='bbox 669 3170 754 3234; x_wconf 82' lang='lat' dir='ltr'>‘apud</span> <span class='ocrx_word' id='word_1_142' title='bbox 771 3170 883 3221; x_wconf 86' lang='lat' dir='ltr'>Ennium</span> <span class='ocrx_word' id='word_1_143' title='bbox 900 3168 1055 3234; x_wconf 87' lang='lat' dir='ltr'>reperimus:</span> <span class='ocrx_word' id='word_1_144' title='bbox 1079 3164 1136 3214; x_wconf 88' lang='lat' dir='ltr'>nee‘</span> <span class='ocrx_word' id='word_1_145' title='bbox 1158 3178 1181 3212; x_wconf 89' lang='lat' dir='ltr'>e.</span> <span class='ocrx_word' id='word_1_146' title='bbox 1196 3176 1221 3223; x_wconf 89' lang='lat' dir='ltr'>q.</span> <span class='ocrx_word' id='word_1_147' title='bbox 1238 3175 1260 3209; x_wconf 87' lang='lat' dir='ltr'>s.</span> 
     </span>
    </p>

    <p class='ocr_par' dir='ltr' id='par_1_17' title="bbox 211 3229 1332 3857">
     <span class='ocr_line' id='line_1_27' title="bbox 212 3229 1331 3305; baseline -0.011 -16"><span class='ocrx_word' id='word_1_148' title='bbox 212 3238 309 3289; x_wconf 90' lang='lat' dir='ltr'>CXXX</span> <span class='ocrx_word' id='word_1_149' title='bbox 326 3239 399 3288; x_wconf 82' lang='lat' dir='ltr'>Hunc</span> <span class='ocrx_word' id='word_1_150' title='bbox 420 3239 577 3290; x_wconf 82' lang='lat' dir='ltr'>uersiculum</span> <span class='ocrx_word' id='word_1_151' title='bbox 594 3239 736 3305; x_wconf 80' lang='lat' dir='ltr'>aVergilio</span> <span class='ocrx_word' id='word_1_152' title='bbox 757 3237 849 3305; x_wconf 81' lang='lat' dir='ltr'>Georg.</span> <span class='ocrx_word' id='word_1_153' title='bbox 870 3239 906 3288; x_wconf 90' lang='lat'>111</span> <span class='ocrx_word' id='word_1_154' title='bbox 925 3237 977 3289; x_wconf 78' lang='lat'>260</span> <span class='ocrx_word' id='word_1_155' title='bbox 996 3241 1147 3299; x_wconf 87' lang='lat' dir='ltr'>usurpatum</span> <span class='ocrx_word' id='word_1_156' title='bbox 1161 3230 1285 3281; x_wconf 83' lang='lat' dir='ltr'>Columna</span> <span class='ocrx_word' id='word_1_157' title='bbox 1304 3229 1331 3278; x_wconf 84' lang='lat' dir='ltr'>in</span> 
     </span>
     <span class='ocr_line' id='line_1_28' title="bbox 211 3300 1329 3374; baseline -0.007 -18"><span class='ocrx_word' id='word_1_158' title='bbox 211 3315 313 3358; x_wconf 84' lang='lat' dir='ltr'>uetusto</span> <span class='ocrx_word' id='word_1_159' title='bbox 332 3306 475 3374; x_wconf 73' lang='lat' dir='ltr'>fragmento</span> <span class='ocrx_word' id='word_1_160' title='bbox 500 3309 620 3374; x_wconf 73' lang='lat' dir='ltr'>anonymi</span> <span class='ocrx_word' id='word_1_161' title='bbox 639 3308 773 3358; x_wconf 82' lang='lat' dir='ltr'>cuiusdam</span> <span class='ocrx_word' id='word_1_162' title='bbox 791 3308 952 3374; x_wconf 77' lang='lat' dir='ltr'>grammatici</span> <span class='ocrx_word' id='word_1_163' title='bbox 974 3306 1007 3357; x_wconf 87' lang='lat' dir='ltr'>de</span> <span class='ocrx_word' id='word_1_164' title='bbox 1025 3304 1097 3354; x_wconf 83' lang='lat' dir='ltr'>uero.</span> <span class='ocrx_word' id='word_1_165' title='bbox 1118 3308 1200 3352; x_wconf 83' lang='lat' dir='ltr'>neutr.</span> <span class='ocrx_word' id='word_1_166' title='bbox 1223 3300 1329 3365; x_wconf 87' lang='lat' dir='ltr'>impers.</span> 
     </span>
     <span class='ocr_line' id='line_1_29' title="bbox 212 3369 1331 3441; baseline -0.007 -16"><span class='ocrx_word' id='word_1_167' title='bbox 212 3391 336 3441; x_wconf 84' lang='lat' dir='ltr'>expresse</span> <span class='ocrx_word' id='word_1_168' title='bbox 350 3392 383 3427; x_wconf 90' lang='lat' dir='ltr'>ex</span> <span class='ocrx_word' id='word_1_169' title='bbox 394 3377 477 3428; x_wconf 89' lang='lat' dir='ltr'>Ennio</span> <span class='ocrx_word' id='word_1_170' title='bbox 498 3380 571 3428; x_wconf 77' lang='lat' dir='ltr'>citari</span> <span class='ocrx_word' id='word_1_171' title='bbox 585 3377 704 3428; x_wconf 80' lang='lat' dir='ltr'>affirmet.</span> <span class='ocrx_word' id='word_1_172' title='bbox 738 3377 857 3428; x_wconf 88' lang='lat' dir='ltr'>Ceterum</span> <span class='ocrx_word' id='word_1_173' title='bbox 877 3376 942 3427; x_wconf 90' lang='lat' dir='ltr'>nihil</span> <span class='ocrx_word' id='word_1_174' title='bbox 959 3375 991 3426; x_wconf 88' lang='lat' dir='ltr'>de</span> <span class='ocrx_word' id='word_1_175' title='bbox 1006 3374 1055 3425; x_wconf 86' lang='lat' dir='ltr'>hoo</span> <span class='ocrx_word' id='word_1_176' title='bbox 1067 3388 1145 3423; x_wconf 89' lang='lat' dir='ltr'>uersu</span> <span class='ocrx_word' id='word_1_177' title='bbox 1157 3369 1331 3435; x_wconf 80' lang='lat' dir='ltr'>colligendum</span> 
     </span>
     <span class='ocr_line' id='line_1_30' title="bbox 213 3438 1331 3510; baseline -0.006 -16"><span class='ocrx_word' id='word_1_178' title='bbox 213 3444 350 3495; x_wconf 87' lang='lat' dir='ltr'>eSenecae</span> <span class='ocrx_word' id='word_1_179' title='bbox 359 3446 408 3510; x_wconf 87' lang='lat' dir='ltr'>Ep.</span> <span class='ocrx_word' id='word_1_180' title='bbox 419 3448 509 3497; x_wconf 85' lang='lat' dir='ltr'>moral.</span> <span class='ocrx_word' id='word_1_181' title='bbox 520 3448 607 3497; x_wconf 91' lang='lat' dir='ltr'>XVIII</span> <span class='ocrx_word' id='word_1_182' title='bbox 618 3449 634 3498; x_wconf 76' lang='grc'><strong>5</strong></span> <span class='ocrx_word' id='word_1_183' title='bbox 705 3446 812 3498; x_wconf 91' lang='lat' dir='ltr'>CXXXI</span> <span class='ocrx_word' id='word_1_184' title='bbox 831 3448 914 3497; x_wconf 81' lang='lat' dir='ltr'>Varro</span> <span class='ocrx_word' id='word_1_185' title='bbox 928 3447 961 3497; x_wconf 88' lang='lat' dir='ltr'>de</span> <span class='ocrx_word' id='word_1_186' title='bbox 973 3445 1003 3495; x_wconf 90' lang='lat' dir='ltr'>L.</span> <span class='ocrx_word' id='word_1_187' title='bbox 1015 3444 1045 3494; x_wconf 90' lang='lat' dir='ltr'>L.</span> <span class='ocrx_word' id='word_1_188' title='bbox 1060 3443 1109 3493; x_wconf 89' lang='lat' dir='ltr'>Vll</span> <span class='ocrx_word' id='word_1_189' title='bbox 1123 3440 1156 3494; x_wconf 84' lang='lat'>33</span> <span class='ocrx_word' id='word_1_190' title='bbox 1170 3440 1222 3489; x_wconf 86' lang='lat' dir='ltr'>‘sio</span> <span class='ocrx_word' id='word_1_191' title='bbox 1233 3438 1331 3488; x_wconf 81' lang='lat' dir='ltr'>(lictum</span> 
     </span>
     <span class='ocr_line' id='line_1_31' title="bbox 213 3509 1331 3594; baseline -0.004 -33"><span class='ocrx_word' id='word_1_192' title='bbox 213 3528 229 3561; x_wconf 87' lang='lat' dir='ltr'>a</span> <span class='ocrx_word' id='word_1_193' title='bbox 247 3514 415 3594; x_wconf 82' lang='lat' dir='ltr'>quibusdam,</span> <span class='ocrx_word' id='word_1_194' title='bbox 441 3523 468 3564; x_wconf 90' lang='lat' dir='ltr'>ut</span> <span class='ocrx_word' id='word_1_195' title='bbox 480 3531 531 3566; x_wconf 87' lang='lat' dir='ltr'>una</span> <span class='ocrx_word' id='word_1_196' title='bbox 544 3530 633 3577; x_wconf 88' lang='lat' dir='ltr'>canes,</span> <span class='ocrx_word' id='word_1_197' title='bbox 652 3530 703 3565; x_wconf 91' lang='lat' dir='ltr'>una</span> <span class='ocrx_word' id='word_1_198' title='bbox 722 3517 833 3567; x_wconf 81' lang='lat' dir='ltr'>trabes</span> <span class='ocrx_word' id='word_1_199' title='bbox 851 3518 949 3566; x_wconf 89' lang='lat' dir='ltr'>remis</span> <span class='ocrx_word' id='word_1_200' title='bbox 967 3530 988 3565; x_wconf 91' lang='lat' dir='ltr'>r.</span> <span class='ocrx_word' id='word_1_201' title='bbox 1007 3530 1034 3581; x_wconf 88' lang='lat' dir='ltr'>p.</span> <span class='ocrx_word' id='word_1_202' title='bbox 1051 3529 1076 3566; x_wconf 81' lang='grc' dir='ltr'>ιι,</span> <span class='ocrx_word' id='word_1_203' title='bbox 1094 3511 1206 3562; x_wconf 75' lang='lat' dir='ltr'>Enninst</span> <span class='ocrx_word' id='word_1_204' title='bbox 1232 3509 1331 3558; x_wconf 79' lang='lat' dir='ltr'>stiuam</span> 
     </span>
     <span class='ocr_line' id='line_1_32' title="bbox 213 3578 1330 3663; baseline -0.004 -32"><span class='ocrx_word' id='word_1_205' title='bbox 213 3596 252 3663; x_wconf 40' lang='lat' dir='ltr'>ne·</span> <span class='ocrx_word' id='word_1_206' title='bbox 267 3597 293 3632; x_wconf 82' lang='lat' dir='ltr'>in</span> <span class='ocrx_word' id='word_1_207' title='bbox 312 3584 428 3632; x_wconf 84' lang='lat' dir='ltr'>nemors&#39;</span> <span class='ocrx_word' id='word_1_208' title='bbox 448 3601 471 3633; x_wconf 89' lang='lat' dir='ltr'>e.</span> <span class='ocrx_word' id='word_1_209' title='bbox 484 3601 508 3647; x_wconf 88' lang='lat' dir='ltr'>q.</span> <span class='ocrx_word' id='word_1_210' title='bbox 523 3601 544 3634; x_wconf 90' lang='lat' dir='ltr'>s.</span> <span class='ocrx_word' id='word_1_211' title='bbox 581 3585 763 3636; x_wconf 88' lang='lat' dir='ltr'>Detrunoatum</span> <span class='ocrx_word' id='word_1_212' title='bbox 783 3585 939 3636; x_wconf 85' lang='lat' dir='ltr'>uersiculum</span> <span class='ocrx_word' id='word_1_213' title='bbox 953 3585 1035 3635; x_wconf 83' lang='lat' dir='ltr'>Ennio</span> <span class='ocrx_word' id='word_1_214' title='bbox 1056 3581 1177 3646; x_wconf 75' lang='lat' dir='ltr'>ascripsit</span> <span class='ocrx_word' id='word_1_215' title='bbox 1191 3578 1330 3629; x_wconf 80' lang='lat' dir='ltr'>Columna:</span> 
     </span>
     <span class='ocr_line' id='line_1_33' title="bbox 214 3646 1332 3720; baseline -0.003 -21"><span class='ocrx_word' id='word_1_216' title='bbox 214 3666 255 3700; x_wconf 83' lang='lat' dir='ltr'>oui</span> <span class='ocrx_word' id='word_1_217' title='bbox 279 3650 375 3700; x_wconf 76' lang='lat' dir='ltr'>lnastm</span> <span class='ocrx_word' id='word_1_218' title='bbox 400 3653 568 3703; x_wconf 75' lang='lat' dir='ltr'>souerssutur</span> <span class='ocrx_word' id='word_1_219' title='bbox 591 3653 745 3720; x_wconf 82' lang='lat' dir='ltr'>Spengelius</span> <span class='ocrx_word' id='word_1_220' title='bbox 769 3663 793 3705; x_wconf 88' lang='lat' dir='ltr'>et</span> <span class='ocrx_word' id='word_1_221' title='bbox 818 3653 848 3706; x_wconf 90' lang='grc'>0.</span> <span class='ocrx_word' id='word_1_222' title='bbox 867 3655 1006 3705; x_wconf 83' lang='lat' dir='ltr'>Muellerus</span> <span class='ocrx_word' id='word_1_223' title='bbox 1087 3649 1207 3702; x_wconf 91' lang='lat' dir='ltr'>CXXXII</span> <span class='ocrx_word' id='word_1_224' title='bbox 1234 3646 1332 3697; x_wconf 88' lang='lat' dir='ltr'>Nonius</span> 
     </span>
     <span class='ocr_line' id='line_1_34' title="bbox 213 3719 1332 3801; baseline -0.005 -30"><span class='ocrx_word' id='word_1_225' title='bbox 213 3737 239 3788; x_wconf 88' lang='lat' dir='ltr'>p.</span> <span class='ocrx_word' id='word_1_226' title='bbox 251 3720 315 3801; x_wconf 83' lang='grc' dir='ltr'>Ι418,</span> <span class='ocrx_word' id='word_1_227' title='bbox 328 3722 345 3770; x_wconf 86' lang='grc'><strong>4</strong></span> <span class='ocrx_word' id='word_1_228' title='bbox 364 3724 499 3788; x_wconf 75' lang='lat' dir='ltr'>‘urgere</span> <span class='ocrx_word' id='word_1_229' title='bbox 511 3732 550 3773; x_wconf 90' lang='lat' dir='ltr'>est</span> <span class='ocrx_word' id='word_1_230' title='bbox 561 3739 687 3789; x_wconf 87' lang='lat' dir='ltr'>premere,</span> <span class='ocrx_word' id='word_1_231' title='bbox 704 3739 805 3790; x_wconf 82' lang='lat' dir='ltr'>cogere.</span> <span class='ocrx_word' id='word_1_232' title='bbox 832 3726 911 3792; x_wconf 81' lang='lat' dir='ltr'>Verg.</span> <span class='ocrx_word' id='word_1_233' title='bbox 931 3761 969 3773; x_wconf 86' lang='lat'>...</span> <span class='ocrx_word' id='word_1_234' title='bbox 985 3722 1100 3773; x_wconf 83' lang='lat' dir='ltr'>Lucilius</span> <span class='ocrx_word' id='word_1_235' title='bbox 1168 3720 1251 3768; x_wconf 86' lang='lat' dir='ltr'>Varro</span> <span class='ocrx_word' id='word_1_236' title='bbox 1266 3719 1332 3766; x_wconf 87' lang='lat' dir='ltr'>unti-</span> 
     </span>
     <span class='ocr_line' id='line_1_35' title="bbox 214 3787 1332 3857; baseline -0.003 -18"><span class='ocrx_word' id='word_1_237' title='bbox 214 3797 311 3854; x_wconf 80' lang='lat' dir='ltr'>quitste</span> <span class='ocrx_word' id='word_1_238' title='bbox 326 3805 411 3840; x_wconf 85' lang='lat' dir='ltr'>rerum</span> <span class='ocrx_word' id='word_1_239' title='bbox 431 3790 614 3842; x_wconf 86' lang='lat' dir='ltr'>humanarum:</span> <span class='ocrx_word' id='word_1_240' title='bbox 627 3794 693 3856; x_wconf 86' lang='lat' dir='ltr'>qua&#39;</span> <span class='ocrx_word' id='word_1_241' title='bbox 714 3810 737 3843; x_wconf 87' lang='lat' dir='ltr'>e.</span> <span class='ocrx_word' id='word_1_242' title='bbox 752 3810 776 3857; x_wconf 89' lang='lat' dir='ltr'>q.</span> <span class='ocrx_word' id='word_1_243' title='bbox 791 3809 814 3847; x_wconf 91' lang='lat' dir='ltr'>s.</span> <span class='ocrx_word' id='word_1_244' title='bbox 843 3795 919 3844; x_wconf 79' lang='lat' dir='ltr'>Ennii</span> <span class='ocrx_word' id='word_1_245' title='bbox 933 3807 1050 3852; x_wconf 77' lang='lat' dir='ltr'>uersum,</span> <span class='ocrx_word' id='word_1_246' title='bbox 1076 3793 1115 3841; x_wconf 90' lang='lat' dir='ltr'>eI</span> <span class='ocrx_word' id='word_1_247' title='bbox 1135 3788 1265 3839; x_wconf 82' lang='lat' dir='ltr'>sunslium</span> <span class='ocrx_word' id='word_1_248' title='bbox 1287 3787 1332 3837; x_wconf 87' lang='lat' dir='ltr'>de-</span> 
     </span>
    </p>
   </div>
   <div class='ocr_carea' id='block_1_17' title="bbox 213 3857 1331 3999">
    <p class='ocr_par' dir='ltr' id='par_1_18' title="bbox 213 3857 1331 3999">
     <span class='ocr_line' id='line_1_36' title="bbox 213 3857 1331 3930; baseline -0.004 -20"><span class='ocrx_word' id='word_1_249' title='bbox 213 3868 359 3927; x_wconf 84' lang='lat' dir='ltr'>sumptum,</span> <span class='ocrx_word' id='word_1_250' title='bbox 383 3861 480 3926; x_wconf 89' lang='lat' dir='ltr'>Popma</span> <span class='ocrx_word' id='word_1_251' title='bbox 498 3862 532 3912; x_wconf 86' lang='lat' dir='ltr'>sd</span> <span class='ocrx_word' id='word_1_252' title='bbox 552 3864 661 3912; x_wconf 88' lang='lat' dir='ltr'>Varron.</span> <span class='ocrx_word' id='word_1_253' title='bbox 686 3861 726 3913; x_wconf 89' lang='lat' dir='ltr'>ed.</span> <span class='ocrx_word' id='word_1_254' title='bbox 746 3864 806 3930; x_wconf 89' lang='lat' dir='ltr'>Bip.</span> <span class='ocrx_word' id='word_1_255' title='bbox 826 3864 851 3913; x_wconf 91' lang='lat' dir='ltr'>ll</span> <span class='ocrx_word' id='word_1_256' title='bbox 871 3862 923 3915; x_wconf 82' lang='grc'>302</span> <span class='ocrx_word' id='word_1_257' title='bbox 941 3862 1050 3913; x_wconf 81' lang='lat' dir='ltr'>coniecit</span> <span class='ocrx_word' id='word_1_258' title='bbox 1121 3857 1253 3909; x_wconf 83' lang='lat' dir='ltr'>CXXXIII</span> <span class='ocrx_word' id='word_1_259' title='bbox 1278 3858 1331 3906; x_wconf 86' lang='lat' dir='ltr'>Do-</span> 
     </span>
     <span class='ocr_line' id='line_1_37' title="bbox 214 3927 1330 3999; baseline -0.004 -19"><span class='ocrx_word' id='word_1_260' title='bbox 214 3938 288 3980; x_wconf 87' lang='lat' dir='ltr'>natus</span> <span class='ocrx_word' id='word_1_261' title='bbox 305 3932 343 3982; x_wconf 88' lang='lat' dir='ltr'>de</span> <span class='ocrx_word' id='word_1_262' title='bbox 351 3930 503 3981; x_wconf 87' lang='lat' dir='ltr'>soloecismo</span> <span class='ocrx_word' id='word_1_263' title='bbox 518 3947 545 3998; x_wconf 89' lang='lat' dir='ltr'>p.</span> <span class='ocrx_word' id='word_1_264' title='bbox 562 3931 630 3985; x_wconf 80' lang='lat'>1769</span> <span class='ocrx_word' id='word_1_265' title='bbox 643 3933 671 3982; x_wconf 88' lang='grc' dir='ltr'>Ρ.</span> <span class='ocrx_word' id='word_1_266' title='bbox 687 3932 736 3999; x_wconf 80' lang='lat'>(28</span> <span class='ocrx_word' id='word_1_267' title='bbox 748 3931 840 3998; x_wconf 78' lang='lat' dir='ltr'>Lino.)</span> <span class='ocrx_word' id='word_1_268' title='bbox 855 3933 1038 3984; x_wconf 88' lang='lat' dir='ltr'>‘soloecismus</span> <span class='ocrx_word' id='word_1_269' title='bbox 1053 3967 1096 3980; x_wconf 88' lang='lat'>...</span> <span class='ocrx_word' id='word_1_270' title='bbox 1111 3937 1152 3978; x_wconf 87' lang='lat' dir='ltr'>ut:</span> <span class='ocrx_word' id='word_1_271' title='bbox 1172 3927 1330 3993; x_wconf 81' lang='lat' dir='ltr'>spolientur&#39;</span> 
     </span>
    </p>
   </div>
   <div class='ocr_carea' id='block_1_18' title="bbox 218 4044 414 4053">
    <p class='ocr_par' dir='ltr' id='par_1_19' title="bbox 218 4044 414 4053">
     <span class='ocr_line' id='line_1_38' title="bbox 218 4044 414 4053; baseline -0.015 0"><span class='ocrx_word' id='word_1_272' title='bbox 218 4044 414 4053; x_wconf 78' lang='lat'><strong>—-—-</strong></span> 
     </span>
    </p>
   </div>
   <div class='ocr_carea' id='block_1_19' title="bbox 214 4062 1330 4354">
    <p class='ocr_par' dir='ltr' id='par_1_20' title="bbox 214 4062 1330 4354">
     <span class='ocr_line' id='line_1_39' title="bbox 255 4062 1330 4179; baseline -0.004 -14"><span class='ocrx_word' id='word_1_273' title='bbox 255 4110 306 4165; x_wconf 81' lang='lat'>591</span> <span class='ocrx_word' id='word_1_274' title='bbox 334 4107 500 4179; x_wconf 84' lang='lat' dir='ltr'>elephantos</span> <span class='ocrx_word' id='word_1_275' title='bbox 527 4062 618 4179; x_wconf 63' lang='lat' dir='ltr'>(Inelf.</span> <span class='ocrx_word' id='word_1_276' title='bbox 641 4104 666 4160; x_wconf 84' lang='lat' dir='ltr'>b.</span> <span class='ocrx_word' id='word_1_277' title='bbox 694 4105 858 4178; x_wconf 78' lang='lat' dir='ltr'>elephantes</span> <span class='ocrx_word' id='word_1_278' title='bbox 881 4108 975 4164; x_wconf 77' lang='lat' dir='ltr'>ceteri.</span> <span class='ocrx_word' id='word_1_279' title='bbox 1000 4104 1166 4177; x_wconf 80' lang='lat' dir='ltr'>elephantes</span> <span class='ocrx_word' id='word_1_280' title='bbox 1189 4104 1330 4161; x_wconf 71' lang='lat' dir='ltr'>nouimus</span> 
     </span>
     <span class='ocr_line' id='line_1_40' title="bbox 214 4188 1268 4268; baseline -0.001 -24"><span class='ocrx_word' id='word_1_281' title='bbox 214 4190 256 4257; x_wconf 75' lang='lat' dir='ltr'>th.</span> <span class='ocrx_word' id='word_1_282' title='bbox 271 4205 296 4245; x_wconf 88' lang='lat' dir='ltr'>e.</span> <span class='ocrx_word' id='word_1_283' title='bbox 312 4199 342 4248; x_wconf 92' lang='lat' dir='ltr'>ut</span> <span class='ocrx_word' id='word_1_284' title='bbox 356 4193 471 4261; x_wconf 90' lang='lat' dir='ltr'>ennius)</span> <span class='ocrx_word' id='word_1_285' title='bbox 490 4189 581 4265; x_wconf 80' lang='lat' dir='ltr'>Guelf.</span> <span class='ocrx_word' id='word_1_286' title='bbox 594 4210 612 4247; x_wconf 90' lang='grc' dir='ltr'><em>α</em></span> <span class='ocrx_word' id='word_1_287' title='bbox 717 4196 769 4252; x_wconf 82' lang='grc'>599</span> <span class='ocrx_word' id='word_1_288' title='bbox 784 4199 920 4268; x_wconf 78' lang='lat' dir='ltr'>urgentur</span> <span class='ocrx_word' id='word_1_289' title='bbox 931 4190 1048 4265; x_wconf 79' lang='lat' dir='ltr'>Popmu.</span> <span class='ocrx_word' id='word_1_290' title='bbox 1061 4206 1194 4264; x_wconf 79' lang='lat' dir='ltr'>urgemur</span> <span class='ocrx_word' id='word_1_291' title='bbox 1205 4188 1268 4244; x_wconf 79' lang='lat' dir='ltr'>libri</span> 
     </span>
     <span class='ocr_line' id='line_1_41' title="bbox 256 4277 667 4354; baseline 0.007 -22"><span class='ocrx_word' id='word_1_292' title='bbox 256 4280 309 4338; x_wconf 83' lang='lat'>600</span> <span class='ocrx_word' id='word_1_293' title='bbox 327 4278 520 4354; x_wconf 83' lang='lat' dir='ltr'>exspoliantur</span> <span class='ocrx_word' id='word_1_294' title='bbox 536 4277 667 4338; x_wconf 83' lang='lat' dir='ltr'>Columna</span> 
     </span>
    </p>
   </div>
   <div class='ocr_carea' id='block_1_20' title="bbox 0 0 1472 4942">
    <p class='ocr_par' dir='ltr' id='par_1_21' title="bbox 0 0 1472 4942">
     <span class='ocr_line' id='line_1_42' title="bbox 0 0 1472 4942; baseline 0 0"><span class='ocrx_word' id='word_1_295' title='bbox 0 0 1472 4942; x_wconf 95' lang='lat' dir='ltr'> </span> 
     </span>
    </p>
   </div>
  </div>
 </body>
</html>
