2932 4942
179 386 292 435 xxv111
579 372 888 444 QVAESTtONES

177 544 242 604 lau.
267 563 330 605 cum
353 543 436 604 Ennii
458 561 546 603 uersu
565 542 641 603 bunc
666 560 752 623 quem
775 540 924 619 Vergilius
945 549 975 600 et
1004 539 1077 599 Aen.
1104 538 1142 599 lV
1167 536 1229 599 482
1255 547 1285 598 et

177 650 218 711 Vl
240 650 301 712 797
323 652 361 711 de
384 651 499 713 Atlante
527 646 630 712 extulit
652 665 736 707 αυοηο
759 664 855 709 amero
883 657 990 725 torquet
1017 652 1102 707 stetba
1125 649 1285 706 ardentibus

178 768 273 834 opbtm
304 759 482 838 composuit:
517 759 544 817 ui
571 757 670 817 mirum
699 755 751 815 ille
779 764 929 817 extremae
956 764 1062 815 tautum
1090 762 1121 814 et
1148 752 1217 813 alibi
1245 751 1283 812 ab

178 864 271 928 Ennio
309 866 454 928 adhibitae
493 865 648 926 locutionis
685 868 768 924 στολου
797 867 964 941 sulcantibus
996 861 1076 940 (siue
1108 859 1284 938 ardentibus)

177 983 272 1050 aptoton
294 974 435 1035 rationem
457 971 564 1033 babuit.
588 969 692 1049 Neque
710 979 805 1030 tamen
828 971 962 1051 quoniam
984 968 1085 1030 louem
1104 978 1210 1029 tantum
1225 984 1284 1027 non

178 1081 333 1160 oportebat
362 1080 399 1141 ab
428 1080 528 1140 Aenea
555 1077 682 1151 laudari,
715 1078 783 1138 ideo
812 1084 857 1138 est
884 1085 914 1136 ut
941 1075 1008 1143 binc
1036 1095 1153 1137 uersum
1183 1076 1284 1137 iubeas

178 1187 309 1248 exulare.
353 1187 391 1247 At
418 1204 489 1246 uero
512 1185 636 1245 Atlantis
666 1201 784 1265 quoqne
810 1184 941 1245 Aeneam
969 1186 1143 1246 mentionem
1173 1184 1283 1245 iecisse

176 1295 326 1372 Vergilius
348 1294 434 1354 iidem
457 1293 540 1352 lacit:
571 1299 600 1351 ut
621 1290 678 1351 buc
699 1300 782 1352 recte
810 1291 997 1370 ascripserim
1017 1293 1111 1352 Seruii
1139 1292 1185 1370 (iu
1207 1291 1283 1352 Aen.

177 1403 190 1464 l
209 1402 279 1462 741.
296 1401 336 1462 tv
351 1399 427 1480 246)
450 1399 487 1460 de
503 1397 680 1474 Telamone,
704 1398 828 1458 Atlantis
852 1399 966 1458 nominc
980 1398 1129 1477 Romano,
1153 1400 1283 1459 testimo-

177 1511 252 1570 ninm
264 1507 431 1589 (XXVlll).
455 1507 518 1568 Hoc
530 1508 605 1567 euim
617 1505 738 1567 Ennium
750 1523 802 1566 suo
814 1524 907 1581 more,
920 1525 1006 1585 quem
1016 1518 1105 1587 'supra
1118 1509 1212 1586 tetigi,
1225 1517 1283 1569 sta·

177 1618 226 1677 tim
249 1618 278 1676 iu
301 1617 391 1696 prima
407 1616 531 1675 Atlantis
550 1613 747 1693 adpellationc
769 1612 922 1692 probabile
941 1623 987 1674 est
1000 1615 1156 1675 adiecisse.
1192 1614 1283 1692 Frag-

176 1735 272 1784 meuto
293 1723 376 1785 XXX
396 1724 475 1804 quod
496 1724 563 1783 item
584 1722 705 1782 Aeneae
727 1720 817 1781 uerba
839 1722 980 1781 contineri
1000 1721 1134 1799 Vergilio
1158 1723 1284 1782 conlisus

176 1834 277 1908 statui,
302 1840 436 1912 poterant
457 1831 507 1890 illa
531 1848 626 1909 aeque
648 1829 724 1889 bene
750 1829 786 1889 ab
815 1829 930 1889 Albano
958 1848 1029 1907 rege
1059 1830 1172 1889 ellerri:
1207 1829 1284 1909 apud

175 1940 346 2015 Dionysium
361 1939 477 2018 quidem
489 1936 581 1997 Halia.
595 1936 692 2015 Auth.
706 1934 790 1996 Rom.
807 1934 819 1994 l
835 1936 875 1997 58
894 1956 923 2017 p.
939 1936 997 1998 149
1009 1937 1110 1998 Reislr.
1123 1938 1239 1998 Latinus
1255 1938 1284 1996 in

175 2049 251 2108 bauo
273 2046 357 2107 Ennii
387 2046 485 2105 uersui
515 2043 685 2103 simillimam
714 2045 900 2104 sententiam:
930 2045 1040 2118 πίστεις
1066 2033 1180 2105 τούτων
1211 2034 1285 2119 ἀξιοῖ

177 2155 282 2214 δοῦναι
301 2150 352 2214 καὶ
379 2154 495 2232 λαβεῖν,
518 2151 551 2210 οἳ
577 2142 760 2227 φυλάξουσιν
786 2140 860 2228 ἡμῖν
886 2143 1011 2224 ἆδόλους
1044 2140 1096 2221 nole
1128 2141 1281 2230 ὁμολογίας

175 2261 312 2339 loquitur.
358 2258 403 2318 Ad
426 2258 546 2318 Aeneae
577 2275 634 2316 uon
656 2256 807 2316 admodum
830 2257 949 2319 breuem
972 2257 1185 2336 expositionem
1208 2274 1280 2338 quae

176 2386 229 2426 rex
246 2365 339 2426 Albae
361 2366 546 2444 responderit
568 2365 728 2424 nescimus:
752 2365 897 2442 praemitti
916 2365 942 2425 ci
961 2381 1107 2444 responso
1129 2365 1165 2425 ir.
1186 2362 1282 2424 XXXl

176 2474 305 2549 uidetur,
334 2474 411 2552 quod
433 2482 527 2532 tamen
550 2473 637 2534 facile
667 2472 826 2532 concedam
849 2472 934 2531 etiam
963 2471 1032 2532 alibi
1058 2481 1153 2551 aptam
1182 2471 1283 2531 sedem

175 2579 304 2639 nancisci
334 2580 482 2657 potuisse,
513 2579 593 2639 uelut
615 2579 685 2639 illud
714 2596 771 2639 nou
801 2581 928 2659 ineptum
957 2588 1018 2656 est,
1046 2580 1123 2660 quod
1153 2578 1283 2638 editores

177 2703 213 2746 eo
228 2705 316 2745 uersu
333 2685 477 2745 Amulium
496 2686 644 2762 designari
662 2686 825 2752 uoluerunt.
883 2687 929 2747 Ad
946 2686 1066 2747 Aeneae
1079 2704 1199 2763 reguum
1214 2703 1282 2765 pcr-

173 2794 245 2853 tinet
264 2792 444 2853 hauddubie
467 2793 503 2853 fr.
528 2791 655 2869 XXXII,
686 2812 856 2873 quamquam
879 2803 1002 2873 propter
1030 2799 1169 2871 quondam
1191 2791 1279 2870 parti-

173 2901 361 2989 culamucum
387 2900 423 2960 ir.
454 2898 533 2959 XXl.
561 2898 645 2959 XXll
674 2903 789 2960 conecti
818 2919 876 2961 uun
903 2901 1010 2961 debuit.
1058 2900 1121 2974 Qua
1150 2917 1182 2958 re
1214 2916 1278 2958 eum

174 3007 283 3068 certius
303 3008 370 3086 quid
393 3007 430 3067 de
453 3007 521 3066 locu
542 3007 696 3084 fragmenti
717 3008 909 3070 coniectando
931 3025 989 3066 uou
1011 3009 1152 3082 emerim,
1180 3007 1207 3065 iu
1230 3024 1281 3066 cx·

173 3123 265 3175 trema
288 3113 325 3203 de
348 3113 451 3176 Aenea
471 3115 636 3176 narratione
658 3117 790 3196 adposui.
871 3114 992 3174 Aeneae
1015 3114 1125 3174 obitum
1145 3113 1280 3191 tetigisse

171 3230 290 3302 poetam
310 3232 340 3283 ut
357 3222 513 3302 probabile
526 3230 582 3296 est,
604 3223 643 3282 ita
662 3242 720 3302 quo
737 3225 800 3284 lere
816 3223 902 3283 modu
916 3243 981 3282 eum
993 3222 1132 3300 tetigerit,
1154 3220 1279 3279 eSeruii

174 3330 218 3406 (iu
234 3327 310 3389 Aen.
333 3329 373 3390 Vl
390 3329 468 3408 778)
485 3330 651 3388 testimonio
669 3331 807 3405 discitur,
831 3332 879 3408 qui
892 3328 1021 3391 Aeneam
1036 3346 1104 3389 esse
1118 3328 1192 3386 iuter
1207 3325 1280 3386 deos

172 3436 340 3496 translatum
353 3436 499 3515 perbibuit
518 3434 685 3516 (XXXIII).
724 3436 821 3514 Atque
837 3435 965 3512 Aeneas,
987 3445 1017 3495 ut
1033 3455 1071 3496 cx
1082 3434 1153 3494 lliae
1169 3435 1280 3493 somnio

173 3543 240 3619 (45.
264 3540 321 3621 48)
340 3543 507 3620 conligitur,
531 3550 597 3602 aute
615 3542 761 3600 ineuntem
774 3541 836 3599 eius
858 3541 1049 3603 calamitatem
1072 3550 1200 3601 mortuus
1223 3550 1278 3600 est.

256 3649 357 3729 ltaque
373 3650 490 3710 deuenit
504 3649 661 3728 disputatio
677 3648 712 3708 ad
727 3647 817 3723 Iliam,
834 3665 919 3725 qnam
936 3649 1012 3727 apud
1026 3648 1148 3708 Ennium
1160 3648 1279 3707 Aeneae

171 3766 287 3835 gnatam
310 3757 399 3817 luisse
421 3774 480 3816 uon
502 3756 600 3818 lallaei
622 3756 717 3815 Seruii
740 3755 905 3814 testimonio
930 3763 1043 3814 constat
1073 3757 1116 3835 (iu
1140 3754 1213 3814 Aen.
1238 3752 1279 3814 Vl

172 3864 267 3943 778):
290 3867 355 3922 dicit
378 3883 499 3943 nomque
520 3863 662 3943 (Ennius)
685 3866 768 3923 Iliam
793 3866 884 3940 suesce
900 3868 989 3938 filiam
1013 3867 1139 3926 Aeneoec
1162 3866 1282 3938 quodsi

171 3983 219 4047 est,
243 3977 353 4032 Aeneas
375 3991 447 4032 onus
468 3981 509 4031 est
533 3975 653 4032 Romuli.
707 3969 753 4030 De
778 3987 837 4050 quo
868 3971 1033 4029 testimonio
1056 3977 1178 4047 propter
1207 3972 1282 4045 quod

169 4086 195 4139 si
222 4089 262 4140 est
282 4079 459 4139 locutionem
474 4077 651 4138 addubitauit
668 4078 877 4156 Schweglerus
894 4077 981 4157 (Hist.
1001 4076 1083 4137 Rom.
1107 4073 1119 4133 l
1140 4093 1169 4153 p.
1187 4074 1278 4152 407),

169 4205 205 4246 an
226 4186 408 4266 exploratam
422 4204 484 4244 rem
503 4185 624 4245 Seruius
649 4185 762 4265 prodat,
786 4203 821 4246 ac
836 4202 893 4244 uou
905 4185 1002 4264 potius
1020 4185 1070 4244 illa
1091 4201 1128 4241 cx
1142 4181 1278 4258 ambiguo

168 4291 254 4355 Ennii
276 4295 355 4355 dicto
378 4310 432 4353 suo
454 4292 587 4372 periculo
608 4293 803 4354 concluserit.
849 4291 915 4352 Nou
939 4292 1018 4367 iure,
1044 4291 1068 4349 si
1090 4289 1158 4370 qnid
1179 4288 1277 4348 uideo.
