2932 4942
608 335 836 392 ΕΝΝΙΑΝΑΕ
1187 349 1282 395 LXXV

172 497 316 557 llacrobii
338 500 367 555 in
381 495 544 559 Histrorum
565 503 680 560 nomine
701 500 842 559 residere.
887 500 933 559 Ad
948 500 1031 560 Ennii
1054 511 1149 560 autem
1169 504 1281 579 poesim

172 603 339 663 llacrobius
367 612 490 664 testatur
511 606 673 681 Vergilium
702 625 782 666 suam
811 607 848 665 de
875 606 1006 667 Pandaro
1037 617 1066 667 et
1088 609 1160 667 Bitia
1184 628 1281 669 narra·

172 711 282 769 tionem
312 710 403 788 (Aen.
426 710 467 769 lx
488 711 550 772 672
572 716 656 790 sqq.)
691 714 902 772 conformasse.
960 713 992 772 ln
1026 732 1081 791 qua
1110 733 1174 773 cum
1207 715 1281 775 baec

173 835 249 895 quae
271 817 419 893 Vergilius
452 818 522 877 dicit
553 823 657 876 amati
685 822 767 891 ferro
798 829 826 878 ct
855 827 947 879 crum
967 828 1062 896 cupito
1094 826 1150 879 atta
1173 829 1284 880 corusci

172 922 268 1003 (678)
292 943 308 983 a
329 925 434 982 Seruio
456 925 486 981 in
506 922 580 980 Aen.
606 922 625 980 l.
658 922 677 980 l.
700 923 832 982 laudatus
856 926 953 1003 A'sper
975 918 1111 985 ex'Ennii
1133 927 1280 986 locutione

170 1037 304 1090 secema
319 1034 407 1089 cordo
428 1033 586 1087 nwcboeris
608 1028 681 1106 (lv)
705 1029 878 1108 deprompta
899 1033 994 1107 dicat,
1014 1033 1081 1092 inde
1101 1050 1158 1090 non
1183 1033 1280 1109 inepte

171 1135 284 1195 llerula
303 1155 338 1195 ea
358 1134 395 1194 de
412 1136 482 1192 uiris
504 1135 629 1194 lontibus
651 1134 710 1194 illis
733 1136 810 1196 elata
830 1139 1004 1197 existimauit
1021 1140 1070 1217 qui
1093 1147 1280 1215 erumpentes

172 1249 257 1317 porta
279 1250 408 1317 stragem
429 1241 466 1299 de
488 1240 641 1301 obsidente
667 1242 752 1301 hoste
774 1243 931 1305 iecissent:
955 1246 1009 1303 nisi
1031 1246 1108 1323 quod
1128 1243 1279 1303 llaorobio

171 1346 287 1405 nimium
305 1346 434 1406 conlisus
455 1357 513 1406 turn
528 1350 605 1408 lorte
620 1351 696 1408 inter
713 1351 871 1409 auxiliares
886 1351 1059 1411 Ambraciae
1073 1351 1187 1410 Histros
1208 1367 1278 1428 quo-

171 1470 231 1529 que
250 1453 342 1512 fuisse
365 1454 497 1513 adsumit.

631 1704 758 1765 GAPV'P
781 1706 821 1767 Vl

258 1872 410 1931 Sextum
435 1874 616 1933 decimum
639 1876 808 1934 annalem
832 1886 919 1956 poeta
948 1894 1025 1936 nouo
1051 1875 1174 1934 exordio
1207 1876 1277 1950 iniit,

172 1996 250 2057 quo,
280 1977 358 2055 quod
381 1977 496 2036 residue
521 1997 537 2036 e
560 1980 732 2056 prohoemio
755 1984 897 2060 particula
925 1989 1027 2058 quippo
1055 1992 1161 2041 uetusto
1187 1988 1279 2040 utram

170 2106 227 2144 non
248 2094 289 2143 est
310 2091 379 2143 satus
405 2088 474 2141 beda
498 2093 605 2145 moueri
626 2087 685 2166 (ll)
718 2088 841 2163 indicat,
873 2090 908 2148 ad
936 2109 984 2147 res
1007 2098 1078 2148 suae
1100 2089 1186 2147 aetati
1211 2104 1277 2165 pro·

172 2193 273 2269 piores
298 2208 332 2249 se
358 2191 541 2250 descendere
570 2192 733 2268 profitetur.
779 2193 872 2266 Quem
904 2195 1007 2254 librum
1028 2194 1136 2254 Plinius
1157 2202 1280 2253 testatur

169 2296 347 2357 Dentrem
371 2316 458 2356 eausa
482 2298 681 2374 superioribus
704 2300 847 2359 adiectum
868 2319 935 2359 esse
957 2310 1014 2359 nat.
1039 2301 1104 2360 bist.
1128 2299 1181 2385 tfll
1201 2300 1276 2360 101:

168 2407 303 2478 fortitudo
323 2408 351 2461 in
373 2424 426 2479 quo
446 2423 581 2477 maxume,
596 2412 733 2465 coesdterit
754 2413 893 2465 inmersas
913 2414 1079 2481 prraestroais
1103 2418 1154 2475 est,
1189 2412 1280 2482 trtipm

168 2516 195 2569 si
210 2516 322 2584 poetico
342 2515 496 2585 recipiatur
521 2515 695 2585 fabulositas.
740 2518 771 2584 Q.
796 2518 904 2571 Eamus
929 2517 961 2571 T.
983 2518 1128 2573 Caecilium
1148 2518 1279 2572 Drmtrem

168 2621 343 2692 fratremque
363 2623 421 2676 eius
436 2623 592 2692 praeceptae
610 2626 726 2678 miratus
742 2630 861 2695 propter
881 2637 927 2676 eos
945 2630 1054 2679 sectum
1065 2626 1208 2679 decumum
1229 2622 1278 2676 od·

171 2730 232 2782 tecit
253 2729 391 2782 annalem.
412 2722 517 2802 „Plinii
541 2724 656 2800 quidem
674 2725 739 2783 libri
758 2741 814 2782 non
830 2724 969 2783 Dentrem
992 2727 1045 2786 sed
1060 2726 1203 2785 Teucrum
1228 2742 1278 2783 eu·

171 2828 287 2904 bibent,
321 2831 399 2906 qnod
434 2830 502 2889 olim
530 2840 694 2889 correctum
726 2840 781 2889 est.
827 2830 906 2889 Titus
929 2840 1023 2888 autem
1045 2829 1193 2891 Caecilius
1216 2847 1279 2889 oum

172 2952 257 2994 nemo
288 2952 323 2993 ea
344 2944 440 2995 aetate
464 2952 549 3012 quam
571 2936 598 2991 iu
623 2933 699 2993 hunc
728 2935 860 2993 annalem
889 2936 1028 2994 incidisse
1054 2935 1207 3013 probabile
1234 2944 1280 2994 est

172 3049 426 3114 commemoretur,
449 3038 577 3110 Hoclaius
599 3039 636 3098 de
652 3039 735 3097 Ennii
759 3059 822 3098 ann.
847 3041 949 3116 fragm.
974 3039 1036 3099 aP.
1053 3040 1164 3101 blerula
1188 3043 1279 3101 auctis

174 3165 203 3225 p.
227 3148 266 3207 47
290 3147 409 3206 Lucium
435 3146 577 3223 reposuit.
623 3145 682 3206 Sed
709 3146 745 3204 de
770 3146 910 3205 Dentrem
938 3147 1026 3206 rebus
1058 3146 1209 3206 admodum
1237 3156 1278 3205 te·

171 3255 235 3313 nuis
257 3252 334 3331 apud
355 3252 464 3311 Liuium
485 3253 623 3311 memoria
645 3260 739 3310 extat:
762 3250 866 3311 Lucius
888 3270 914 3310 a.
943 3272 969 3310 u.
992 3272 1019 3312 c.
1047 3252 1109 3311 570
1131 3254 1166 3310 irr
1180 3226 1279 3312 Sicilia

173 3366 293 3435 praetor
321 3358 411 3417 luisse
442 3359 612 3437 perhibetur
640 3356 688 3415 XL
721 3359 753 3431 1,
787 3357 902 3417 Marcus
931 3360 1022 3419 irater
1051 3378 1076 3418 a.
1109 3378 1136 3417 u.
1165 3378 1191 3419 o.
1217 3359 1279 3418 579

172 3465 208 3524 ad
231 3464 406 3524 Antiochum
435 3484 470 3524 ao
492 3464 689 3524 Ptolemaeum
720 3461 904 3525 renouandae
927 3467 1070 3526 amicitiae
1090 3483 1177 3524 causa
1200 3465 1279 3541 lega·

173 3581 219 3630 tus
239 3573 328 3630 luisse
350 3570 428 3629 XLII
444 3573 473 3632 6.
519 3571 639 3630 Rettulit
658 3571 732 3630 haee
754 3570 785 3629 F.
806 3570 934 3629 Ritterus
956 3588 1074 3649 quoque
1096 3570 1115 3629 l.
1130 3571 1148 3628 l.
1173 3590 1200 3649 p.
1218 3571 1279 3631 386

172 3676 243 3736 illud
271 3694 329 3735 uon
353 3676 584 3736 animaduertens
607 3697 690 3756 quam
714 3696 813 3756 parum
836 3678 909 3737 haec
937 3679 1109 3737 conueniant
1132 3677 1159 3734 ei
1181 3695 1197 3735 e
1220 3694 1277 3754 quo

173 3799 304 3858 magnam
328 3782 365 3840 de
389 3781 546 3840 Dentribus
571 3784 807 3860 expectationem
836 3785 981 3844 haurimus
1001 3782 1165 3843 testimonio
1187 3781 1278 3841 Plinii.

173 3886 212 3945 At
232 3887 355 3946 dandum
380 3896 425 3946 est
447 3886 554 3964 aliquid
575 3891 711 3966 poeticae
734 3908 820 3966 quam
833 3891 884 3950 ille
899 3892 967 3950 dicit
985 3887 1173 3961 fabulositati‚
1194 3896 1280 3964 atque

173 3992 295 4052 Ennium
323 3992 464 4051 credibile
489 4002 551 4067 est,
581 4012 644 4052 oum
665 3995 748 4071 plura
769 3995 806 4054 de
829 3996 886 4055 illis
909 3997 979 4054 uiris
999 3993 1174 4071 compererit
1197 4008 1280 4067 qnam

172 4099 346 4175 scriptorum
376 4097 521 4156 beneficio
555 4099 591 4158 ad
616 4117 670 4158 nos
702 4112 893 4179 propagatum
915 4110 977 4177 est,
1011 4117 1045 4159 ea
1074 4099 1133 4157 suis
1159 4097 1280 4157 inuentis

171 4204 257 4263 etiam
280 4206 308 4262 in
322 4205 413 4263 maius
432 4221 604 4265 exornasse.
