2932 4942
169 370 244 417 xxx
570 362 876 432 ovntsttorttts

169 533 332 604 septingenti
357 539 422 588 sunt
440 533 528 604 paulo
547 535 616 606 plus
640 542 689 591 out
711 530 899 604 minitabant,
923 534 1043 608 Augusto
1065 537 1182 608 negarier
1199 540 1276 606 post-
1323 518 1326 523 ¹

169 657 254 712 quam
282 641 376 695 11111111
404 639 514 695 condito
534 640 637 696 ,111111
662 649 718 711 est,
751 658 827 720 quae
856 659 920 700 oum
946 639 1034 715 uulgo
1064 639 1118 716 ipsi
1144 636 1278 698 conditae

172 741 252 826 urbis
275 742 430 802 narrationi
452 741 640 822 subiciantur,
663 757 787 826 propter
809 748 922 807 nimiam
944 743 1165 822 ambiguitatem
1192 742 1279 801 malui

173 851 202 909 in
224 850 343 909 incertis
365 849 535 930 fragmentis
557 853 630 930 (ino.
651 855 714 914 sed.
738 853 832 933 Xbll)
850 834 966 933 adponi.
1004 850 1057 911 llla
1071 850 1279 927 igiturtempo·
1351 914 1356 925 ‚

175 951 455 1040 rumdescriptione
484 966 573 1045 poeta
602 959 724 1039 amplius
750 962 870 1023 saeculo
897 979 913 1020 a
941 969 1063 1038 recepta
1087 956 1279 1016 Romanorum
1369 946 1373 953 ’

177 1064 389 1124 consuetudine
411 1066 540 1144 recedit:
561 1068 638 1146 quod
660 1087 696 1128 ue
718 1070 783 1152 quis
805 1069 979 1147 ignorationi
997 1077 1045 1127 aut
1074 1064 1281 1142 neglegentiae

174 1170 278 1230 eruditi
301 1178 408 1249 potitae
430 1172 604 1251 ascriberet,
628 1175 803 1237 Niebubrius
823 1176 895 1236 llist.
921 1172 1034 1234 Romi
1054 1170 1282 1252 piritseam

173 1278 283 1357 duplici
306 1278 472 1359 explicandi
493 1283 606 1342 ratione
628 1286 780 1364 proposita
800 1283 885 1342 cauit.
923 1281 1036 1342 Etenim
1054 1278 1175 1339 Ennium
1192 1278 1282 1354 cycli·

174 1401 228 1445 cos
250 1402 341 1445 anuos
358 1386 386 1446 b.
404 1406 431 1446 e.
456 1390 503 1467 qui
526 1389 665 1450 denomm
688 1392 826 1450 mensium
850 1399 949 1450 essent
968 1388 1084 1449 calculo
1103 1385 1299 1459 adhibuisse,'

175 1494 310 1572 quoniam
338 1496 516 1573 septingenti
541 1497 651 1572 'cyclici
685 1498 748 1557 lere
779 1499 1001 1577 quingentorum
1038 1496 1187 1573 octoginta
1221 1491 1284 1551 uul-

175 1602 287 1677 garium
319 1596 467 1663 numerum
497 1614 677 1685 exaequant:
712 1613 760 1665 aut
788 1624 826 1666 ex
852 1607 986 1684 tantique
1015 1598 1138 1664 iormula
1167 1599 1284 1671 Latina'

176 1718 324 1770 trecentos
361 1713 477 1789 triginta
509 1723 569 1773 tres
602 1730 692 1774 annos
726 1713 802 1773 111111
827 1712 934 1773 Troiae
967 1712 1074 1771 exitum
1111 1719 1141 1770 et
1177 1709 1287 1768 initium

177 1814 288 1877 Romae
321 1829 508 1897 computasse
538 1820 718 1901 opinabatur.
777 1820 830 1879 At·
848 1821 926 1882 illam
956 1818 1113 1881 deliniendi
1144 1815 1286 1894 temporis

178 1926 317 1989 rationem
348 1924 444 1986 Ennii·
464 1938 559 1989 aetate
595 1929 743 1989 exoletam
771 1930 886 1988 omnino
923 1933 950 1988 in
978 1945 1060 1988 usum
1090 1941 1200 1993 uocare
1227 1930 1285 1981 non

62 2076 65 2083 .
143 2104 146 2109 ¹
178 2031 286 2119 debuit
334 2032 427 2094 Varro
461 2036 576 2113 quidem
610 2054 673 2110 cum
700 2036 933 2115 reprehenderet
956 2034 1104 2108 Ennium,
1120 2068 1124 2075 ·
1142 2047 1199 2089 non
1229 2028 1284 2088 nisi

178 2139 214 2199 de
244 2142 326 2199 annis
359 2143 557 2209 communibus
589 2141 749 2202 sentiebat:
786 2160 882 2221 neque
912 2139 1083 2201 uero·aliis
1112 2155 1192 2197 usum
1215 2149 1281 2193 esse

182 2245 509 2325 poetamgcensorinus
544 2247 580 2307 de
612 2248 660 2309 die
695 2258 751 2308 nat.
787 2267 812 2307 c.
846 2247 883 2307 19
919 2266 948 2327 p.
978 2247 1018 2306 57
1044 2244 1128 2306 talu.
1159 2249 1282 2314 >testatur

182 2354 254 2432 (inc.
282 2353 331 2414 lib.
363 2353 546 2434 XXXVll):·
567 2359 619 2415 boe
648 2356 839 2433 tempestae.
870 2355 976 2433 annus)
999 2361 1065 2442 quot
1087 2357 1194 2411 dierum
1218 2355 1286 2407 esset

181 2467 220 2519 ad
243 2473 346 2522 eertum
368 2468 488 2522 nondum
515 2461 648 2540 astrologi
664 2468 798 2539 'reperire
818 2471 977 2538 potuerunt.
1020 2463 1163 2520 Philolaus
1183 2475 1288 2515 annum

179 2575 336 2628 naturalem
374 2574 433 2628 dies
463 2574 566 2629 babere
595 2575 719 2646 prodidit
737 2570 911 2631 CCCLXIII
934 2611 940 2624 .
965 2613 970 2624 .
995 2613 1001 2626 .
1026 2611 1033 2626 .
1056 2576 1087 2625 at
1112 2573 1205 2623 noster
1227 2565 1287 2620 En-

173 2653 433 2736 1111111111.
479 2675 523 2760 cr.
552 2677 584 2737 1.
616 2676 744 2737 aarum
773 2674 1042 2754 ussermann
1068 2691 1097 2752 p.
1122 2668 1193 2731 las.
1236 2662 1288 2727 m-

181 2792 243 2842 tera
265 2782 414 2843 Niebubrii
437 2787 521 2861 ratio,
546 2803 630 2864 quam
652 2778 859 2868 simpliciorem
883 2784 947 2861 ipse
967 2764 1149 2855 arbitratur,
1182 2786 1213 2838 ut
1241 2782 1289 2838 e'st

181 2890 342 2969 simplicior
364 2909 399 2951 ac
422 2890 603 2970 probabilior
624 2891 673 2950 uel
701 2908 757 2966 eo,
787 2884 919 2968 quod'is
947 2896 1143 2946 trecentorum
1170 2887 1287 2964 triginta

182 2999 271 3057 trium·
289 3016 427 3058 annorum
449 3017 584 3064 numerus
607 2999 673 3059 bule
697 3007 803 3078 poetae
825 2997 939 3056 minime
962 2995 1120 3073 peculiaris
1143 3002 1224 3053 esset
1243 2992 1287 3053 iu·

181 3087 279 3183 turus,
317 3108 355 3167 ita
383 3124 420 3165 ne
450 3105 561 3169 leuiora
587 3108 722 3183 attingam
752 3109 816 3186 ipsa
841 3102 924 3163 Ennii
955 3105 1039 3181 poesi
1068 3102 1226 3161 auertitur:
1264 3088 1289 3160 si

138 3192 140 3197 ¹
182 3215 298 3293 quidem
326 3232 426 3274 nerum
457 3222 518 3287 est,
550 3214 628 3292 qrroil
657 3234 744 3294 supra
772 3214 938 3285 statuimus,
970 3209 1126 3269 Romulum
1152 3216 1288 3286 nepotem

172 3299 273 3381 ¹luisse
295 3320 415 3381 Aeneae
438 3340 494 3381 nec
516 3322 637 3400 amplius
661 3323 866 3401 quinquaginta
887 3319 969 3378 annis
990 3317 1026 3377 ab
1045 3317 1160 3376 interitu
1184 3314 1290 3375 Troiae
1310 3339 1314 3345 ·

184 3427 294 3487 Romae
314 3430 454 3506 originem
476 3428 594 3517 aluisse.
639 3427 677 3485 Vt
698 3429 784 3504 igitur
805 3427 925 3500 Ennius,
949 3442 1006 3503 quo
1025 3424 1090 3484 anni
1113 3423 1290 3503 septingenti
1377 3496 1380 3503 .

183 3534 387 3613 allicerentur,
421 3533 532 3593 Romae
562 3533 640 3611 urbis
665 3535 743 3593 initia
772 3551 807 3592 ne
835 3548 903 3591 raro
930 3532 1045 3609 quidem
1075 3533 1123 3592 uel
1150 3531 1289 3609 singulari

184 3641 321 3720 exemplo
344 3643 372 3700 in
390 3640 485 3700 medio
508 3639 627 3700 saeculo
653 3657 731 3722 nono
762 3639 909 3718 posuerit,
942 3656 978 3697 ne
998 3639 1041 3697 sic
1063 3640 1184 3718 ,qrridem
1210 3628 1290 3699 ratus

184 3748 221 3808 ab
242 3748 318 3806 omni
341 3757 423 3826 parte
445 3747 574 3807 calculus
597 3748 702 3808 euadit·
748 3745 960 3807 Eratosthenes
983 3746 1059 3804 enim
1089 3765 1153 3807 cum
1173 3745 1290 3806 Troiam

185 3865 298 3935 captam
322 3874 432 3914 11111.
451 3854 572 3920 11841.
594 3852 662 3914 Glrr.
680 3853 941 3928 n.'constituisset,
966 3852 1045 3911 illum
1069 3854 1093 3912 si
1113 3853 1293 3932 sequebatur

185 3961 312 4037 Ennius,
340 3971 525 4039 consequens
548 3970 593 4020 est
607 3960 673 4020 inde
697 3961 733 4021 ab
757 3981 793 4023 eo
816 3971 948 4040 tempore
971 3959 1007 4019 ad
1032 3967 1138 4038 poetae
1167 3970 1292 4020 aetatem

187 4087 244 4127 non
262 4069 465 4147 septingentos
487 4068 538 4128 scd
561 4068 641 4127 mille
667 4069 785 4128 circiter
813 4085 908 4127 annos
933 4069 1147 4126 intercessisse.
1187 4065 1291 4144 Neque

186 4186 287 4236 tamen
312 4176 452 4236 credibile
480 4184 525 4234 est
552 4194 646 4234 rerum
668 4158 843 4236 Graecarum
875 4154 1079 4253 peritissimum
1108 4181 1225 4252 politam
1255 4173 1292 4232 ab

115 4351 119 4358 ,
186 4284 384 4344 Eratosthene
401 4280 499 4361 'atque
527 4283 602 4342 adeo
621 4284 676 4341 iam
701 4291 767 4342 ante
790 4281 1013 4341 Eratosthenem
1041 4280 1077 4340 ab
1098 4280 1163 4340 aliis
1184 4279 1292 4340 eonsti-
