2932 4942
167 371 271 420 xxxn
567 361 878 434 QVAESTIONES

168 532 234 592 dam
260 530 335 590 scite
365 494 572 609 expediantur,
603 548 688 591 unum
716 532 818 592 nescio
841 549 878 591 an
908 548 946 592 eo
980 529 1128 593 difficilius
1160 533 1276 595 euadat.

169 635 241 699 Gom
268 639 343 698 enim
367 639 483 698 omnino
505 639 608 699 modus
631 637 774 699 obscurus
801 639 856 714 sit,
889 656 948 719 quo
967 639 1076 700 Ennius
1098 641 1219 702 Graecis
1240 640 1278 702 de

170 744 273 805 Aenea
288 754 318 805 et
338 743 389 807 llia
407 745 514 807 fabulis
529 748 718 808 domesticam
737 747 852 823 lamam,
875 766 960 826 quam
982 750 1009 808 in
1039 748 1158 809 relicuis
1180 750 1278 828 sequi·

170 859 227 927 tur,
249 852 446 930 admiscuerit,
466 862 525 914 tum
546 854 604 914 boe
628 873 750 934 prorsus
777 854 949 916 incredibile
976 855 1099 931 uidetur,
1123 854 1278 933 Amulium,

170 961 195 1020 si
215 959 330 1039 quidem
352 960 497 1040 legitimus
520 971 584 1023 erat
605 961 726 1023 Aeneae
749 961 842 1039 illius,
868 961 949 1024 lliarn
970 980 1103 1023 sororem
1127 961 1166 1022 ub
1193 980 1281 1041 pere·

170 1069 282 1146 grinam
302 1078 410 1129 tantum
430 1069 573 1147 originem
595 1070 761 1130 infestasse.

255 1176 288 1237 ln
308 1193 417 1236 summo
437 1176 529 1255 ipsius
552 1185 582 1236 et
604 1194 760 1256 puerorum
779 1176 945 1238 discrimine
965 1176 1018 1237 ilia
1045 1175 1166 1264 deorum
1195 1176 1284 1238 iidem

171 1283 315 1363 inploret,
346 1284 374 1342 in
403 1283 503 1361 primis
530 1281 671 1361 Veneris,
696 1275 871 1362 ‘genetricis
904 1283 1010 1363 patris’
1045 1292 1075 1344 et
1102 1273 1281 1363 ‘cognatae'

173 1389 341 1470 (xxxvl),
354 1398 384 1449 et
395 1388 495 1448 biartie
505 1399 536 1448 ut
547 1390 672 1467 uidetur,
684 1409 719 1452 ao
730 1391 858 1452 Tiberini
872 1389 1053 1470 (xxxvii).
1076 1389 1197 1453 Fallitur
1207 1393 1285 1455 euim

173 1497 349 1559 Niebubrius
377 1496 451 1556 illst.
477 1495 559 1557 Rom.
582 1497 595 1558 l
618 1517 647 1578 p.
674 1497 754 1574 384,
786 1516 850 1558 cum
873 1508 996 1578 propter
1023 1498 1094 1559 Liuii
1120 1518 1205 1580 quarn
1232 1501 1285 1562 iln-

171 1606 215 1683 git
237 1604 424 1664 imitationem
446 1603 489 1682 (ΙΙ
507 1605 561 1684 10)
579 1616 634 1666 tam
648 1610 741 1666 Coeles
754 1596 897 1666 ‘Tiberine
908 1592 1009 1680 pater'
1024 1609 1113 1680 inquit
1126 1596 1165 1666 ‘te
1187 1619 1285 1670 sancte

169 1731 291 1790 precor,
328 1715 398 1770 boec
432 1733 516 1771 ormo
546 1722 572 1772 et
602 1716 675 1772 bunc
711 1718 820 1774 militem
848 1717 971 1791 propitio
1002 1715 1115 1788 flumme
1153 1702 1286 1788 occipias'

174 1820 285 1880 Horatii
306 1818 427 1879 Coclitis
456 1838 524 1880 esse
551 1818 626 1881 baec
646 1818 730 1879 Ennii
754 1819 950 1896 uerbateque
971 1826 1058 1893 pater
1090 1822 1216 1880 Tiberine
1240 1831 1288 1882 aro

175 1949 237 1988 eum
260 1932 374 2002 flumine
400 1937 496 1987 sonmo
521 1945 589 1987 esse
611 1928 762 2006 opinatur,
791 1925 908 1986 scilicet
937 1918 1189 1986 allaerobio'Vl
1212 1928 1226 1986 1
1252 1946 1283 2008 p.

175 2033 237 2094 499
259 2033 324 2094 Jan.
349 2051 366 2092 e
387 2034 479 2112 primo
501 2034 596 2094 annali
618 2043 706 2113 atque
734 2036 772 2095 ita
792 2043 823 2094 ut
841 2032 916 2093 absit
934 2033 1064 2111 cormpti
1087 2035 1197 2094 numeri
1217 2052 1282 2096 sus·

86 2192 96 2217 ,
176 2146 248 2224 pitio
270 2142 375 2203 adlata.
420 2138 523 2219 Neque
546 2140 754 2215 accolimus,
778 2140 864 2199 etiam
886 2140 910 2198 si
931 2136 1054 2198 Ennium
1077 2139 1200 2202 subinde
1218 2141 1278 2200 imi-

179 2261 254 2313 tatus
276 2252 323 2326 sit,
341 2247 418 2327 quod
432 2246 608 2309 Niebubrius
631 2247 651 2307 l.
667 2247 687 2308 Ι.
711 2256 793 2307 recte
814 2244 867 2305 sed
883 2246 995 2305 ratione
1017 2263 1074 2306 non
1095 2256 1176 2308 recta
1199 2245 1281 2309 adir-

176 2368 245 2436 mat,
261 2356 369 2436 egebat
385 2356 413 2414 in
429 2373 464 2415 ea
477 2374 509 2416 re
525 2356 662 2436 exemplo
678 2353 779 2414 Ennii:
802 2352 927 2432 maudo,
942 2353 1021 2432 quod
1036 2354 1156 2416 Seruius
1167 2358 1196 2416 in
1207 2355 1282 2417 Aen.

176 2465 244 2527 Vlil
259 2464 299 2525 72
311 2471 444 2539 testatur,
467 2461 542 2522 haec
555 2471 695 2523 consueta
707 2461 844 2523 Romanis
857 2460 1023 2522 Tiberinum
1039 2462 1177 2542 precibus
1194 2465 1284 2526 aduu-

178 2573 261 2634 candl
280 2570 418 2631 formula:
443 2572 536 2628 adesto
556 2573 683 2629 Tiberias
703 2589 765 2629 eum
785 2574 838 2628 aaa
850 2573 940 2628 unda.
964 2568 1061 2647 Atque
1083 2571 1158 2650 apud
1179 2570 1286 2652 Vergi-

178 2679 246 2738 lium
259 2677 278 2737 l.
291 2677 310 2736 l.
324 2677 442 2736 Aeneas
454 2677 481 2734 in
492 2674 568 2735 bunc
583 2677 705 2737 similem
717 2676 846 2737 Enniano
858 2675 972 2735 modum
985 2674 1150 2737 Tiberinum
1165 2676 1288 2740 adorat:

178 2797 260 2863 taque
287 2807 303 2845 o
334 2787 439 2860 Thybri
470 2794 515 2843 tuo
535 2790 642 2861 partitor
664 2804 726 2843 cum
740 2788 854 2858 flamine
875 2794 987 2843 saneto.-
1018 2801 1076 2862 quo
1100 2785 1125 2843 si
1154 2785 1219 2864 quis
1246 2787 1288 2847 uti

179 2892 277 2967 uolet,
302 2889 386 2950 Ennii
416 2909 532 2950 uersum
552 2891 660 2971 poterit
688 2891 808 2950 Aeneae
837 2890 984 2951 tribuere:
1009 2888 1077 2949 mibi
1106 2889 1288 2969 probabilius

179 3002 271 3060 uisum
294 3007 356 3073 est,
384 2997 424 3058 ita
446 2998 525 3060 iliam
550 3003 625 3078 quae
653 2996 790 3058 Tiberino
813 2976 937 3076 'nuptum
959 2996 1042 3057 datur
1064 2995 1160 3078 (xm)
1189 3015 1286 3060 orare.

264 3106 364 3168 Venus
391 3105 462 3166 iliae
492 3105 629 3187 precibus
658 3114 800 3166 commota
825 3105 947 3183 adparet
972 3122 1008 3164 ac
1028 3114 1165 3184 nepotem
1187 3106 1224 3166 de
1243 3106 1287 3185 ip-

180 3218 240 3276 sius
261 3225 292 3275 et
314 3215 472 3276 liberorum
493 3224 574 3274 sorte
597 3214 746 3274 confirmat
766 3212 916 3292 (XXXIX.
939 3210 1021 3292 XLJ:
1052 3229 1111 3290 quo
1137 3213 1217 3274 iacto
1236 3212 1288 3274 illa

179 3324 207 3381 in
227 3340 339 3382 amnem
359 3340 392 3381 se
414 3322 545 3382 demittit.
590 3321 709 3382 Interim
727 3321 856 3382 latrones
879 3319 915 3380 ab
940 3318 1056 3379 Amulio
1078 3319 1149 3378 iussi
1178 3336 1288 3399 pueros

181 3439 329 3508 exponunt
346 3426 465 3508 (XLII).

268 3534 341 3595 Huic
363 3533 431 3594 loco
455 3534 570 3594 uindico
591 3533 712 3592 deorum
734 3532 771 3592 de
794 3532 905 3592 Romae
933 3532 1048 3593 fortuna
1077 3531 1290 3592 consiliantium

182 3659 372 3701 consessum:
401 3641 515 3719 qualem
538 3641 567 3698 in
587 3639 644 3699 boo
666 3637 740 3698 libro
762 3640 928 3718 expositum
950 3638 1042 3698 fuisse
1067 3637 1135 3698 olim
1154 3638 1288 3699 intellec·

181 3759 239 3809 turn
259 3757 314 3808 est.
348 3746 511 3808 Probabilis
530 3747 604 3807 enim
625 3747 793 3807 coniectura
813 3754 869 3822 est,
893 3744 1043 3805 Horatium
1063 3763 1127 3804 cum
1144 3744 1218 3804 baec
1241 3762 1289 3805 ca·

181 3865 266 3917 neret
288 3853 399 3933 (Garun.
426 3853 466 3914 ΙΙΙ
489 3853 524 3929 3,
558 3853 611 3933 16)
647 3858 778 3926 Quirine
803 3857 904 3913 Mortis
930 3859 1005 3931 aquae
1033 3856 1190 3913 Acheronta
1209 3855 1294 3928 sugit,

180 3975 293 4042 protum
322 3969 428 4023 elocuto
460 3965 664 4020 consilientibus
691 3965 797 4020 lunone
823 3965 910 4034 diuo,
947 3959 1031 4018 Ennii
1056 3976 1214 4019 memorem
1240 3977 1290 4018 ce·

60 4079 64 4086 '
182 4073 300 4132 cinisse.
342 4068 406 4143 Qua
431 4068 596 4128 coniectura
617 4066 687 4126 licet
708 4067 828 4126 alteram
852 4076 1058 4145 superstruere
1076 4084 1133 4125 non
1154 4064 1291 4144 inpioba·

181 4179 281 4254 bilem,
299 4178 322 4236 si
341 4177 418 4236 illam
435 4173 624 4254 probaueris‚
641 4172 741 4233 lunoni
757 4176 785 4233 in
802 4172 930 4233 Enniana
946 4173 1067 4233 deorum
1082 4174 1218 4233 contione
1233 4189 1292 4232 nou

182 4286 334 4347 adsidendi
349 4292 457 4346 tautum
474 4282 528 4342 sed
544 4280 702 4361 eloquendi
718 4289 748 4340 et
765 4281 922 4360 perorandi
941 4290 1041 4360 partes
1055 4279 1158 4340 luisse.
1184 4277 1223 4339 Vt
1242 4277 1292 4339 bic
