2932 4942
620 355 866 426 antiquina
1255 355 1297 420 37

718 523 764 593 IX

284 643 433 737 Denique
454 642 487 710 ui
511 663 634 735 magna
654 642 844 747 quadrupes
868 626 972 738 eques
994 649 1092 739 atque
1113 647 1244 717 elefanti

285 746 454 836 Projciunt
474 768 551 816 sese
1255 750 1258 757 '

285 982 399 1078 Haece
415 982 547 1053 locutus
568 985 666 1053 uocat
689 1003 832 1076 quocum
851 982 935 1053 be‘ne
958 1006 1061 1076 saepe
1082 983 1221 1058 libenter

195 1095 257 1157 240
285 1087 433 1156 Mensam
451 1108 689 1181 sermonesque
709 1108 792 1156 suos
814 1108 990 1181 rerumque
1010 1110 1145 1158 suarum

215 1289 251 1338 IX
276 1288 373 1338 Gellius
386 1287 473 1336 XVIII
485 1291 510 1346 5,
524 1289 542 1337 4
567 1288 670 1350 ‘quem’
692 1287 743 1353 (sc.
759 1288 935 1339 Ennianistam
950 1289 994 1352 qui
1012 1290 1087 1340 Ennii
1102 1289 1207 1340 annales
1224 1290 1294 1356 lege-

179 1356 237 1422 bat)
258 1360 330 1407 ‘cum
350 1359 402 1407 iam
421 1358 487 1407 inter
501 1358 617 1423 ingentes
630 1350 755 1408 clamores
768 1359 895 1425 legentem
909 1359 1097 1410 inuenissemus
1119 1358 1237 1426 (legebat
1249 1377 1293 1409 au-

179 1436 229 1477 tem
243 1428 335 1477 librum
353 1443 386 1478 ex
400 1427 535 1476 annalibus
547 1427 623 1476 Ennii
639 1426 808 1493 septimum),
834 1427 881 1477 hos
902 1444 959 1478 eum
972 1430 1084 1495 primum
1096 1444 1187 1479 uersus
1201 1446 1293 1494 perpe-

179 1512 233 1548 ram
251 1499 456 1563 pronuntiantem
476 1496 634 1546 audiuimus:
655 1498 764 1560 denique
833 1499 906 1546 ecus·
930 1514 953 1547 e.
969 1514 994 1561 q.
1009 1514 1030 1548 s.
1055 1499 1291 1565 (ecusblagliab.

178 1568 351 1632 quadrupe
371 1581 468 1616 secus
480 1566 545 1632 Reg.
559 1581 661 1629 eques
675 1567 751 1616 Voss.
771 1582 873 1629 equus
888 1565 979 1631 ceteri)
1000 1571 1097 1631 ‘neque
1106 1568 1193 1619 multis
1203 1577 1294 1634 postea

177 1638 296 1686 uersibus
309 1636 405 1686 additis
420 1635 606 1697 celebrantibus
623 1650 682 1686 eum
695 1636 910 1699 laudantibusque
928 1637 1047 1687 omnibus
1059 1639 1186 1688 discessit.
1205 1639 1292 1689 5Tum

178 1707 292 1756 Iulianus
306 1706 441 1771 egrediens
454 1721 467 1755 e
480 1704 592 1754 theatro:
618 1705 681 1768 quid
694 1706 770 1755 uobis
788 1706 869 1768 inquit
882 1706 914 1755 de
927 1705 976 1754 hoc
994 1714 1135 1772 anagnosta
1149 1707 1217 1757 etde
1230 1723 1292 1771 qua-

178 1776 294 1840 drupede
310 1789 375 1837 equo
393 1776 512 1825 uidetur?
536 1775 573 1823 sic
592 1775 660 1824 enim
678 1773 793 1838 prolecto
812 1774 886 1839 legit:
911 1775 1021 1838 denique
1088 1777 1160 1826 ecus'
1187 1793 1209 1826 e.
1227 1793 1251 1840 q.
1268 1793 1289 1826 s.

176 1845 297 1907 (equus
322 1845 399 1893 Voss.
426 1844 599 1908 quadrupe
622 1858 719 1893 secus
739 1840 803 1909 Iteg.
832 1859 866 1892 m.
889 1858 930 1908 pr.
961 1845 1156 1910 quadrupes
1185 1862 1291 1909 equus

177 1914 240 1979 Reg.
255 1929 290 1962 m.
306 1912 349 1962 alt.
366 1909 457 1975 ceteri)
483 1913 591 1975 ‘ecquid
605 1912 713 1978 putatis,
734 1913 757 1961 si
771 1912 921 1977 magistrum
935 1913 1168 1978 praelectoremque
1185 1914 1291 1965 habuis-

175 1991 215 2032 set
235 1983 345 2032 alicuins
364 1983 448 2042 aeris,
477 1982 668 2048 quadrupes
686 1997 790 2045 equus
812 1982 938 2031 dicturum
958 1983 1053 2045 luisse,
1082 1998 1118 2033 ac
1134 1998 1197 2033 non
1213 2001 1290 2047 qua-

176 2053 297 2117 drupes
319 2053 438 2115 eques?
461 2053 530 2114 quod
542 2052 574 2101 ab
588 2052 670 2101 Ennio
687 2053 723 2100 ita
734 2052 858 2117 scriptum
872 2052 1038 2116 relictumque
1057 2068 1114 2103 esse
1131 2069 1205 2103 nemo
1224 2070 1290 2104 unus

176 2122 316 2171 litterarum
330 2130 446 2171 ueterum
461 2120 572 2186 diligens
585 2121 722 2170 dubitauit.
744 2147 779 2158 -
795 2147 832 2156 -
849 2119 981 2171 Sedenim
996 2131 1128 2173 contentus
1146 2123 1228 2186 inquit
1241 2139 1289 2190 ego

174 2191 216 2240 his
230 2206 280 2240 non
295 2191 346 2240 lui:
375 2200 398 2240 et
412 2198 440 2239 ut
454 2205 503 2239 non
518 2190 635 2240 turbidae
648 2189 707 2240 fidei
722 2205 768 2240 nec
781 2190 931 2255 ambiguae,
958 2192 1004 2241 sed
1015 2200 1043 2241 ut
1057 2207 1137 2258 purae
1156 2192 1290 2256 liquentis-

175 2276 224 2323 que
243 2269 325 2319 esset,
346 2274 489 2323 equusnc
505 2274 537 2308 an
558 2275 658 2322 eques
671 2260 769 2309 Ennius
787 2260 910 2324 scriptum
927 2260 1086 2324 reliquisset,
1112 2262 1205 2312 librum
1220 2278 1290 2314 sirm·

136 2348 143 2354 ·
174 2345 230 2380 mae
253 2338 328 2394 atque
348 2329 504 2380 reuerendae
523 2331 673 2387 uetustatis,
699 2344 774 2393 quem
794 2329 848 2378 lere
867 2331 999 2380 constabat
1012 2331 1195 2398 Lampadionis
1211 2348 1289 2383 manu

174 2400 351 2459 emendatum,
370 2401 456 2450 studio
468 2399 601 2464 pretioque
616 2398 694 2449 multo
707 2400 783 2448 unius
796 2413 887 2448 uersus
899 2400 1054 2465 inspiciendi
1065 2402 1149 2468 gratia
1161 2403 1286 2453 conduxi:

174 2477 198 2518 et
211 2485 326 2533 eques,
343 2484 393 2518 non
407 2484 527 2532 equus,
542 2470 666 2533 scriptum
676 2469 702 2517 ln
712 2484 742 2518 eo
752 2469 857 2517 inueni.’
874 2469 1110 2536 Noniusp.10tl‚3l
1125 2473 1288 2534 ‘equitem

173 2554 219 2604 pro
238 2553 313 2602 equo.
333 2540 412 2603 Verg.
434 2537 617 2603 Georgicorum
640 2538 685 2588 lib.
705 2539 754 2587 III:
777 2536 849 2602 [115]
877 2539 975 2589 Ennius
997 2539 1083 2590 annali
1101 2539 1146 2593 lib.
1158 2542 1225 2590 vu:
1249 2556 1287 2591 an

172 2608 654 2673 nonquadrupedesequites.¹
681 2605 1288 2673 (aenonRothiuseGelliil.l.undeetiam

172 2679 363 2743 quadrupes
384 2692 482 2740 eques
502 2676 578 2726 Nonii
593 2676 771 2743 neglegentiae
788 2676 971 2727 restituendum
988 2676 1051 2742 fuit)
1073 2678 1218 2729 Macrobius
1231 2679 1286 2730 Sat.

172 2747 208 2795 VI
221 2745 238 2796 9
250 2762 276 2812 p.
292 2745 344 2798 548
356 2748 414 2811 Ian.
444 2750 546 2796 ‘omnes
558 2747 625 2796 enim
639 2747 737 2809 antiqui
757 2747 895 2811 scriptores
906 2754 933 2795 ut
947 2747 1077 2798 homiuem
1097 2763 1162 2811 equo
1173 2749 1287 2800 insiden-

172 2822 237 2873 tem‚
256 2817 292 2864 ita
304 2823 329 2865 et
344 2831 437 2877 equum
450 2831 507 2864 cum
521 2822 635 2881 portaret
647 2814 778 2864 hominem
792 2817 935 2877 equitem
952 2824 1109 2867 uocauerunt
1129 2825 1153 2866 et
1171 2818 1287 2880 equitare

175 2897 224 2932 non
244 2884 373 2933 bominem
389 2892 486 2933 tantum
499 2884 546 2933 sed
564 2899 657 2946 equum
671 2898 772 2947 qnoque
790 2884 920 2937 dixerunt.
953 2885 1050 2934 Ennius
1071 2886 1136 2935 libro
1156 2885 1286 2936 annalium

173 2953 282 3016 septimo
295 2953 344 3000 ait:
364 2952 488 3014 deniqne’
508 2968 530 3001 e.
544 2969 569 3014 q.
585 2968 607 3001 s.
631 2951 797 3017 Philargyrus
810 2953 836 2999 in
849 2952 941 3017 Georg.
957 2954 992 3003 lll
1006 2953 1056 3005 116
1073 2953 1131 3002 ‘bic
1144 2957 1286 3016 equitem

171 3021 227 3070 sine
240 3021 318 3070 dubio
334 3034 428 3082 equum
445 3021 521 3080 dicit,
545 3021 657 3070 maxime
670 3036 728 3069 cum
745 3019 838 3068 inierat
856 3020 978 3071 insultare
991 3021 1056 3072 solo.
1090 3022 1187 3072 Ennius
1207 3038 1285 3073 anna-

171 3090 234 3139 lium
246 3090 295 3139 Vll
312 3089 371 3137 ...'
443 3087 583 3138 XGellins
595 3088 675 3138 xllt
704 3089 876 3153 ‘descriptum
899 3089 1081 3154 definitumque
1100 3098 1139 3140 est
1157 3107 1173 3140 a
1192 3090 1284 3151 Quieto

171 3159 252 3209 Ennio
271 3160 297 3207 in
316 3156 402 3207 annali
418 3158 527 3223 septimo
544 3157 668 3223 graphice
693 3158 831 3207 admodum
846 3159 960 3221 sciteque
979 3160 1036 3209 sub
1058 3160 1206 3210 historia
1226 3160 1285 3212 Ge-

170 3229 250 3277 miai
271 3226 419 3277 Seruilii
443 3228 493 3276 uiri
512 3227 608 3277 nobilis
634 3242 683 3290 quo
704 3228 808 3292 ingente
832 3242 882 3290 qua
905 3229 1038 3279 comitate'
1062 3245 1085 3279 e.
1109 3245 1133 3292 q.
1153 3244 1174 3279 s.
1203 3232 1285 3281 ‘ami-

170 3312 227 3347 cum
239 3313 296 3347 esse
306 3297 441 3347 concendat
450 3297 562 3346 hominis
571 3312 665 3363 genere
677 3304 701 3346 et
710 3297 811 3347 tortum
820 3298 962 3362 superioris
973 3325 1050 3337 --
1061 3299 1174 3349 haeoe'
1189 3316 1212 3350 e.
1224 3316 1249 3364 q.
1259 3317 1281 3352 s.

170 3366 216 3416 ί1,.
234 3367 336 3417 Aelium
351 3365 475 3416 Stilonem
495 3366 581 3417 dicere
599 3366 703 3416 solitum
716 3367 817 3425 femnt,
844 3366 873 3426 Q.
888 3367 997 3418 Ennium
1011 3370 1043 3419 de
1055 3376 1134 3418 semet
1148 3370 1206 3435 ipso
1219 3369 1283 3422 haec

169 3437 307 3502 scripsisse
324 3436 502 3502 picturamque
520 3437 595 3486 istam
608 3450 707 3486 morum
727 3444 752 3486 et
764 3436 861 3515 inggnii
875 3437 958 3502 ipsius
970 3437 999 3497 Q.
1010 3439 1086 3489 Ennii
1098 3439 1193 3490 factam
1206 3443 1281 3492 esse!

170 3506 214 3572 (L.
231 3506 357 3556 Aelium
430 3520 501 3556 esse
519 3520 570 3556 om.
584 3502 678 3570 Voss.)
703 3504 812 3555 carn.
828 3505 905 3556 XXX

168 3674 223 3735 III
239 3681 299 3737 159.
321 3679 387 3734 exin
403 3679 510 3737 Pauus
610 3683 665 3740 131
688 3685 752 3737 ante
775 3679 897 3753 denique
920 3681 928 3736 i
948 3694 1060 3738 aarum
1074 3682 1103 3737 ia
1118 3681 1187 3755 ch.
1204 3684 1284 3741 Gellii

167 3767 221 3828 §4
307 3760 347 3837 ui]
380 3766 464 3822 littero
497 3767 527 3821 ia
548 3765 617 3841 ch.
643 3765 722 3822 Gellii
747 3770 764 3832 s
786 3771 812 3824 b
841 3765 870 3820 in
890 3765 995 3839 Anqlr'c.
1024 3764 1175 3831 Macrobii,
1208 3767 1278 3841 Rep.

168 3848 247 3905 Gellii
259 3850 306 3913 §5
391 3853 486 3922 'agna
507 3849 583 3909 Voss.
599 3851 678 3909 Gellii
688 3855 705 3917 s
715 3856 742 3909 5.
759 3851 787 3906 ui
803 3866 907 3923 magna
920 3866 959 3906 ex
972 3866 1048 3906 corr.
1064 3850 1189 3923 intepet
1203 3853 1284 3907 Gellia·

166 3933 580 4003 §dtidmmoltinltturm
665 3936 762 4008 atque]
778 3940 826 3991 aut
840 3934 928 4008 Luqd.
944 3935 1080 4000 θεὶὶἰίςὸ
1166 3936 1278 3990 elefanti

174 4014 250 4074 Voss.
264 4016 401 4084 munst.
419 4019 560 4093 elephanti
571 4022 657 4077 cauri
750 4023 803 4080 138
816 4019 956 4091 proiciunt
967 4019 1031 4075 libri
1122 4022 1175 4076 239
1187 4018 1277 4075 haece

168 4101 276 4156 locutus
301 4100 467 4174 Stephanus.
500 4103 572 4161 haec
595 4105 662 4171 (hec
687 4104 757 4177 ch.
780 4104 833 4158 hee
856 4103 944 4176 Laced.
976 4099 1022 4157 h⁷-
1049 4101 1153 4167 Bera.)
1183 4104 1277 4158 elocti-

167 4189 212 4238 tus
227 4186 389 4256 (eloquutus
399 4186 533 4261 Mopliab.
551 4189 788 4252 elocutusBern.)
805 4188 869 4242 labri
953 4201 1073 4256 quocum
1087 4184 1197 4241 Tbuan.
1211 4190 1277 4243 teste

168 4266 314 4326 &mosao-
332 4272 409 4344 quod
424 4289 490 4329 eum
503 4249 574 4348 Κῷ.
596 4272 738 4346 quodcum
752 4273 839 4329 ceteri
940 4274 993 4329 140
1013 4284 1176 4346 mensuram
1198 4271 1275 4331 Voss.
