2932 4942
606 340 836 396 ENNIANAE
1187 352 1277 400 LXIII

168 505 215 567 Ci.
237 506 335 565 Liuius
357 504 440 564 XXII
457 505 497 564 44
520 509 565 563 itte
588 503 726 582 (Paulus)
748 509 774 562 si
799 506 865 580 quid
884 508 1019 578 protectis
1045 525 1081 563 oc
1098 511 1219 582 proditis
1239 514 1279 567 od

167 619 349 675 inconsultam
367 621 449 686 ratque
467 614 644 685 inprouidnm
659 628 785 684 pugnam
807 611 954 683 legionibus
975 613 1125 683 (tenderet,
1146 631 1177 670 se
1191 621 1278 672 orionis

168 725 269 794 culpae
297 728 437 777 exsortem
458 720 546 774 omnia
567 724 681 773 euentus
705 719 874 789 participem
898 716 963 788 fore
989 718 1101 774 diceret.
1144 717 1200 776 vbi
1223 721 1277 778 ianr

169 826 198 883 iu
226 841 264 882 eo
299 832 345 882 est
380 829 411 879 ut
435 837 535 878 manus
573 827 747 895 conserant,
782 817 924 879 Hannibal
955 818 1124 879 cohortatur
1155 823 1276 884 milites:

169 929 298 1008 praemia
332 927 504 1005 promittens
537 924 665 1001 Poenis,
704 926 833 984 externis
864 906 1013 983 ciuitatem
1047 923 1117 1004 (X).
1163 926 1278 1007 Sequor

170 1035 245 1095 enim
275 1034 304 1092 in
326 1051 361 1092 ea
384 1050 417 1090 re
433 1030 555 1090 eundem
566 1030 668 1090 Silium
683 1029 725 1090 IX
737 1029 813 1090 209:
836 1037 885 1106 qui
897 1051 964 1090 uero
980 1040 1096 1091 externo
1111 1040 1201 1093 suares
1214 1042 1281 1097 miti
1306 1080 1315 1095 .

168 1146 303 1216 samniae
323 1143 434 1215 Byrsae
463 1141 548 1212 Siqua
576 1157 682 1212 moues,
709 1144 839 1198 teatrum
867 1140 990 1195 Ausonio
1018 1143 1151 1199 cinaede
1178 1162 1278 1202 craten-

170 1252 370 1319 multoties,
402 1248 466 1303 tine
493 1249 548 1301 tam
575 1249 645 1302 ciues
667 1224 843 1320 Carthaginis
868 1254 939 1314 esto,
968 1260 1032 1301 oum
1053 1243 1150 1305 Liuius
1177 1246 1280 1305 similia

171 1353 315 1433 promissa
338 1349 491 1429 perhibeat
506 1348 695 1409 Hannibalem
717 1367 781 1408 cum
804 1349 839 1409 ad
862 1349 992 1409 Ticinum
1015 1369 1140 1429 pugnam
1164 1362 1280 1432 pararet

171 1461 300 1520 edidisse
313 1455 398 1538 (XXI
415 1455 488 1534 45);
512 1459 656 1515 Hannibal
677 1500 731 1515 ...
750 1463 856 1516 uocatis
874 1462 1076 1517 adunationem
1097 1466 1174 1515 certo
1191 1475 1279 1532 prue-

170 1573 226 1627 mio
242 1571 406 1642 pronuntiat
500 1568 548 1638 qui
570 1566 707 1620 sonorum
728 1568 802 1621 ciues
824 1568 1065 1640 Carthaginienses
1086 1567 1153 1636 fieri
1172 1567 1280 1635 uellent,

165 1682 328 1750 potestatem
348 1674 500 1745 sectarum.

256 1775 432 1853 Depingitur
461 1775 553 1853 ipsius
576 1772 741 1835 certaminis
766 1772 851 1832 labor
880 1772 1031 1852 (xl.x11.
1053 1767 1149 1849 Xlll).
1190 1768 1280 1830 Nolui

172 1884 247 1947 baec
275 1882 437 1958 fragmenta
468 1880 595 1956 diiungi:
626 1897 798 1958 quamquam
819 1882 882 1939 eius
911 1881 988 1940 modi
1014 1896 1117 1939 uersus
1147 1879 1175 1936 in
1203 1877 1282 1937 nulla

174 2006 270 2072 pugna
294 1988 390 2047 locum
412 1984 523 2044 habere
548 2002 606 2043 non
629 1995 767 2063 possunt:
797 1995 827 2045 ut
850 2004 922 2046 nnus
946 1986 995 2045 uel
1020 1985 1095 2045 alter
1120 2002 1220 2045 eorum
1246 1982 1282 2042 ad

173 2096 285 2155 relicua
307 2111 383 2172 quae
405 2091 462 2151 hoc
485 2090 560 2149 libro
582 2091 771 2153 narrabantur
793 2093 906 2172 proelia
928 2093 1087 2172 pertineat:
1117 2092 1186 2171 quin
1204 2091 1281 2153 adeo

173 2202 282 2262 nullum
305 2200 433 2259 fortasse
456 2198 523 2257 huic
548 2198 624 2259 cladi
647 2210 729 2260 recte
749 2202 907 2278 ascriptum
929 2199 975 2258 sit.
1022 2198 1082 2259 Sed
1109 2199 1176 2259 uide
1206 2197 1282 2256 eius·

173 2309 239 2369 dem
259 2308 352 2368 cladis
374 2302 452 2382 apud
465 2303 565 2362 Silium
576 2304 618 2364 lX
632 2306 692 2366 311
715 2325 780 2385 sqq.
810 2306 1046 2384 descriptionem.

258 2413 291 2472 in
312 2410 408 2470 medio
432 2425 547 2485 pugnae
570 2411 688 2488 ardore,
716 2432 780 2473 cum
800 2413 855 2472 iam
879 2412 1000 2470 uictoria
1019 2410 1055 2470 ad
1077 2410 1194 2470 Poenos
1217 2427 1282 2469 uer·

174 2528 276 2599 geret,
297 2523 387 2597 poeta
415 2515 536 2574 deorum
558 2533 729 2578 consessum
757 2517 909 2596 expandit:
942 2516 1013 2576 luno
1041 2519 1143 2578 satiata
1170 2517 1284 2577 tandem

175 2626 339 2687 calamitate
364 2623 522 2682 inuisorum
545 2623 602 2700 ipsi
620 2622 815 2684 Romanorum
831 2645 869 2702 se
892 2625 1044 2685 fautricem
1069 2624 1162 2682 eisin
1184 2632 1283 2703 poste·

175 2750 237 2793 rum
261 2731 326 2790 iore
348 2730 517 2810 profitetur:
545 2747 580 2788 ac
608 2727 755 2808 iuppiter,
792 2741 931 2791 exoratus
959 2731 1087 2790 fortasse
1117 2727 1283 2802 aVenere‚

175 2839 317 2919 promittit
329 2837 466 2897 Romanis
482 2836 628 2895 excidium
642 2833 825 2915 Carthaginis
839 2837 933 2916 (xlv.
950 2836 1031 2917 XV).
1056 2832 1101 2894 Cf.
1119 2854 1147 2914 p.
1160 2832 1284 2893 XXXlll

176 2954 206 3005 et
227 2945 328 3006 Silium
349 2944 390 3004 lX
413 2943 475 3004 535
497 2960 562 3021 sqq.

261 3049 411 3110 Victoriae
441 3051 566 3108 nuntium
599 3049 685 3127 Hago
719 3047 923 3124 Carthaginem
951 3048 1062 3122 adfert,
1098 3064 1157 3126 quo
1186 3046 1284 3105 laetis-

176 3158 248 3217 sima
274 3175 409 3237 quaeque
442 3159 572 3218 incuria
596 3154 633 3214 de
657 3152 822 3214 Hannibalis
848 3155 979 3214 uictoriis
1006 3154 1208 3233 pronuntiante
1228 3152 1283 3230 (ci.

175 3262 273 3323 liuius
307 3262 403 3325 XXIII
432 3265 486 3345 12)
519 3265 620 3325 Hanno
650 3262 822 3320 sententiam
850 3270 969 3338 rogatus
1008 3278 1065 3320 non
1098 3262 1212 3322 desisse
1246 3261 1285 3320 ait

177 3371 330 3447 paenitere
349 3390 382 3430 se
405 3370 493 3448 belli,
517 3372 595 3451 quod
618 3368 733 3450 quidem
756 3377 812 3427 tam
831 3369 973 3446 integrum
993 3368 1120 3428 habeant
1142 3386 1227 3448 quam
1248 3383 1285 3426 eo

177 3476 226 3536 die
248 3493 305 3554 quo
323 3476 465 3538 Hannibal
486 3479 513 3537 iu
530 3478 641 3538 ltaliam
658 3484 857 3553 transgressus
874 3476 911 3535 sit
934 3475 1047 3554 (Liuius
1070 3475 1089 3535 l.
1105 3475 1124 3534 Ι.
1147 3473 1196 3533 12.
1218 3473 1283 3552 13).

178 3579 290 3654 Quodsi
311 3580 420 3641 Ennius
444 3600 562 3661 quoque
584 3584 709 3663 aliquem
731 3582 899 3643 Hannonem
928 3584 956 3640 iu
979 3598 1049 3641 suos
1071 3580 1191 3640 annales
1214 3581 1285 3639 intu-

178 3686 263 3763 lerat,
275 3689 304 3747 in
316 3690 379 3748 eius
389 3698 515 3749 mentem
526 3690 659 3749 uidentur
670 3690 877 3768 percommode
890 3689 1034 3766 quadrare
1046 3686 1135 3747 baec:
1148 3693 1196 3763 qni
1202 3692 1288 3746 retranit

177 3815 233 3853 non
255 3806 296 3855 est
317 3804 405 3857 scietur
422 3803 477 3855 nisi
496 3803 584 3855 nictus
603 3800 710 3872 fatetur
729 3797 801 3873 (inc.
823 3793 885 3853 sed.
903 3792 1013 3853 XXXV
1031 3794 1084 3853 sed
1105 3793 1143 3854 ef.
1160 3810 1189 3870 p.
1205 3789 1284 3868 Llll)

179 3909 209 3959 et
220 3906 284 3961 dum
298 3907 405 3977 quidem
416 3923 488 3961 cerrus
500 3907 579 3962 horno
591 3906 801 3977 Ronmnustopo
814 3906 967 3977 superescit
979 3900 1051 3977 (inc.
1067 3896 1120 3956 scd
1135 3893 1284 3973 XXXVI).

265 4005 348 4080 Quae
372 4007 484 4068 cladem
496 4005 676 4067 Cannensem
690 4007 823 4085 proxime
844 4015 945 4065 secuta
962 4014 1038 4080 sunt,
1059 4000 1212 4062 caldonius
1230 4017 1287 4059 uon
1385 4030 1391 4041 ·

179 4114 303 4173 seorsim
327 4113 440 4173 abiuio
464 4115 578 4175 uidetur
600 4131 746 4174 narrasse.
780 4112 862 4171 XXH
878 4112 938 4170 eo:
972 4115 1085 4168 tirnaio
1105 4111 1205 4166 costr-is
1225 4126 1287 4165 curru

178 4226 319 4281 nrnltitudo
344 4227 495 4280 senncrmis
520 4227 580 4279 sirac
605 4225 718 4279 (larmirus
745 4229 830 4292 esset,
857 4223 981 4276 rsrtrrtinm
1008 4221 1056 4289 qni
1081 4219 1109 4270 in
1139 4216 1287 4271 trucioribus
