2932 4942
101 2315 118 2366 ι
128 2366 130 2370 ,

609 352 850 423 RquovrAa

695 518 772 591 CIV

281 635 439 707 Oratores
458 637 639 731 doctiloqui

701 769 763 842 CV

278 941 285 954 .
341 941 348 955 .
403 888 572 958 decretum
591 897 643 962 esi
665 890 786 961 iossari
805 912 947 981 corpora
964 892 1049 962 telis,

693 1023 769 1097 CVI

187 1146 284 1207 570.
340 1192 347 1206 .
401 1194 409 1207 .
589 1143 719 1214 ammus
742 1165 817 1217 cum
836 1147 971 1234 pectore
993 1143 1090 1215 latrat

686 1294 775 1399 CVII

277 1462 660 1481 .......
713 1413 859 1483 elamore
879 1413 1043 1483 bouautes

680 1545 784 1618 CVIII

278 1716 536 1732 .....
590 1688 731 1755 pausam
754 1668 863 1736 Iacere
886 1688 944 1735 ore
965 1666 1124 1734 iremeudi
1177 1641 1189 1669 κ

278 1984 536 2000 .....
590 1934 696 2003 nostri
716 1957 848 2004 cessere
871 1954 1048 2025 parumper

700 2070 759 2141 CX

276 2236 284 2250 .
339 2236 346 2250 .
401 2237 408 2252 .
463 2239 471 2253 .
515 2239 534 2268 ‚.
589 2240 596 2255 .
651 2241 659 2255 .
714 2241 722 2256 .
776 2187 1017 2280 adgreiusfari

692 2323 765 2395 cxl

185 2430 246 2489 575
274 2418 468 2491 Consiluere

170 2627 227 2670 osui
248 2634 336 2671 omnes
358 2623 460 2684 Iouem3
487 2622 561 2673 ilium
579 2638 640 2674 uero
662 2632 687 2674 et
704 2625 791 2673 Iouem
812 2631 837 2672 et
856 2624 1042 2674 dominatorem
1059 2637 1144 2672 rerum
1159 2628 1183 2671 ei
1202 2622 1287 2671 omnia

170 2697 232 2739 nutu
246 2699 377 2756 regentem
393 2700 427 2754 et,
441 2701 470 2742 ut
487 2693 556 2743 idem
569 2694 676 2753 Ennius,
692 2693 833 2760 putrem·
852 2709 876 2742 e.
890 2708 915 2756 q.
931 2707 952 2742 s.
972 2692 1065 2758 (Deest
1081 2693 1108 2741 in
1121 2690 1176 2740 Psi.
1191 2690 1286 2754 Vind.)

242 2759 298 2810 civ
323 2763 406 2811 Varro
421 2763 454 2813 de
469 2762 498 2812 L.
515 2762 545 2812 L.
558 2764 607 2812 Vll
620 2765 651 2814 41
670 2764 704 2813 M.
725 2767 817 2825 ‘quom
840 2777 882 2812 res
895 2763 978 2811 maior
995 2768 1064 2819 erut,
1089 2768 1203 2810 oratores
1216 2761 1287 2825 legs-

171 2827 263 2877 bentur
277 2831 442 2894 potissimum
457 2832 501 2894 qui
513 2847 617 2882 eausam
632 2832 839 2882 commodissime
855 2846 928 2881 orare
941 2837 1067 2895 poterant.
1092 2831 1181 2892 Itaque
1190 2829 1287 2878 Ennius

171 2897 208 2945 sit
229 2900 283 2946 ...'
356 2898 399 2949 CV
423 2902 507 2950 Varro
526 2900 558 2950 de
577 2901 607 2950 L.
628 2901 658 2951 L.
679 2902 728 2951 VII
750 2900 802 2951 loo
821 2900 855 2949 Μ.
887 2900 974 2965 ‘opud
992 2899 1116 2948 Ennium:
1142 2899 1286 2949 decretum'

171 2980 291 3085 iiii.
309 2966 359 3084 ia
372 2970 478 3088 IIII?
493 2967 1054 3088 iiiiizimiiiaiiaau⁰im.
1071 3037 1097 3084 a
1111 2967 1286 3111 CXIII?

171 3106 309 3170 perspicua
324 3115 351 3154 ut
364 3106 439 3157 Ennii
454 3109 508 3157 ...’
542 3106 581 3158 CI.
600 3108 693 3159 Paulus
709 3107 778 3157 I'esti
796 3122 823 3172 p.
841 3107 889 3157 121
904 3108 938 3157 M.
963 3107 1105 3156 ‘latrare
1124 3104 1221 3155 Ennius
1239 3119 1287 3170 pro

171 3189 278 3240 posuere
291 3175 396 3240 posuit)
468 3177 546 3228 CVII.
567 3176 648 3226 CVIII
666 3179 749 3228 Varro
766 3177 798 3226 de
814 3177 843 3226 L.
854 3177 883 3226 L.
899 3178 948 3225 VII
960 3176 1010 3228 104
1019 3175 1053 3225 M.
1074 3176 1174 3225 ‘miuus
1186 3177 1288 3240 aperta'

171 3243 217 3310 (ub
234 3245 385 3297 animalium
402 3247 509 3296 uocibus
527 3246 619 3296 tralato
636 3248 661 3296 in
680 3243 812 3310 homines)
832 3249 873 3295 ‘ut
940 3246 1046 3295 Enniia
1063 3245 1144 3294 uitulo
1219 3245 1287 3294 eius-
1369 3301 1378 3318 Ι

172 3314 230 3364 dem
249 3330 264 3364 a
284 3316 366 3364 boue:
393 3314 504 3366 clamore
523 3317 662 3376 bousmes;
693 3315 810 3366 eiusdem
830 3331 845 3365 a
868 3316 954 3366 leone:
988 3315 1108 3381 pausam‘
1139 3331 1162 3365 e.
1184 3331 1209 3379 q.
1228 3330 1250 3364 s.

206 3384 264 3436 CIX
282 3385 380 3434 HIrtius
395 3386 456 3435 bell.
472 3387 545 3452 Hisp.
562 3402 585 3436 e.
599 3384 633 3437 23
652 3385 785 3444 ‘hictum
802 3394 829 3434 ut
842 3386 877 3435 ait
888 3387 995 3446 Ennius,
1015 3385 1135 3435 uostrI'
1149 3401 1172 3434 e.
1188 3400 1212 3448 q.
1228 3400 1250 3434 s.

206 3453 251 3504 CX
270 3455 365 3504 Paulus
376 3455 446 3505 Festi
463 3472 490 3522 p.
504 3455 522 3507 6
535 3455 569 3505 Μ.
598 3456 880 3523 ‘adgretus‚.spud
898 3456 1020 3506 Ennium:
1040 3455 1198 3521 adgretus
1220 3453 1286 3504 Isri

170 3537 217 3589 pro
232 3538 262 3574 eo
278 3525 347 3587 quod
362 3533 400 3574 est
416 3526 556 3592 adgressus
570 3527 682 3592 ponitur,
701 3525 770 3591 quod
784 3526 891 3575 uerbum
906 3526 976 3576 uenit
991 3541 1007 3575 s
1022 3524 1172 3576 Graeco
1188 3524 1285 3591 surgo)

170 3594 241 3644 Idem
254 3609 281 3660 p.
298 3593 332 3645 78
348 3594 382 3644 Μ.
408 3598 526 3662 ‘egreius
543 3604 569 3646 et
588 3596 748 3661 odgretus
766 3610 799 3645 ex
813 3595 910 3647 Graeco
923 3602 983 3645 sunt
995 3596 1071 3646 dueta
1085 3611 1100 3645 s
1118 3595 1247 3661 surgendo
1262 3601 1286 3643 et

169 3663 374 3730 proficiscendo)
446 3665 502 3716 CXI
527 3665 621 3716 Paulus
641 3666 709 3717 Festi
732 3681 759 3731 p.
775 3663 810 3717 58
829 3665 863 3715 M.
892 3666 1101 3716 ‘eonsiiuere
1121 3665 1219 3714 Ennius
1239 3677 1286 3729 pro

211 3912 263 3968 569
285 3907 429 3964 decretum
444 3912 488 3963 esi
501 3909 604 3964 fossuri
620 3907 763 3966 Columna.
783 3908 926 3964 decretum
942 3915 986 3963 est
1003 3914 1077 3962 stare
1093 3906 1165 3962 libri.
1186 3905 1284 3958 deere-

169 3997 227 4046 ium
251 3994 352 4049 fossati
377 3992 410 4049 0.
430 3989 585 4048 Muellerus
691 3996 744 4052 sio
765 3995 827 4049 auis
856 4010 920 4049 eum
941 3992 1038 4047 Haun.
1068 3990 1234 4060 animusque
1256 3988 1284 4041 in

169 4073 294 4148 Scaliper
379 4079 430 4136 571
452 4079 577 4132 elamore*
589 4079 726 4134 bouames
741 4077 820 4133 Flor.
837 4079 988 4132 clamorem
1001 4074 1130 4130 bouamis
1145 4072 1242 4127 Hauu.

212 4162 265 4218 sm
292 4162 385 4216 iacere
412 4163 473 4229 ore]
502 4163 594 4216 faeere
620 4161 691 4218 libri.
718 4163 811 4216 iecere
839 4160 970 4216 Columna
1077 4160 1129 4215 574
1150 4155 1284 4227 adgreius

170 4241 247 4296 ‘boni
259 4244 347 4299 codd!
366 4242 511 4316 odgreuus
524 4245 606 4316 uulpo

910 4361 923 4375 x
1029 4335 1076 4397 6*
