2932 4942
184 335 247 404 178
471 339 758 399 incurronvn
781 337 1008 399 LIBRORVM

185 511 312 581 ‘dicunt
334 533 431 580 omno
452 511 539 604 quiid
561 510 697 579 nitidum
724 509 795 578 est’
833 509 905 577 Hoc
926 511 1038 580 nescio
1060 533 1101 579 nn
1123 510 1164 580 ad
1183 530 1309 580 sem-

183 637 256 706 per
281 616 507 686 florentem
532 615 750 685 Homerum
780 613 836 699 (cl.
857 615 944 683 Ann.
963 615 975 684 l
994 617 1033 685 lr.
1053 614 1111 703 lX)
1135 614 1308 705 pertineat

689 747 788 818 XXV

286 855 426 925 Seruius
453 854 486 923 in
511 855 595 923 Aen.
614 853 699 922 lvo
727 852 808 922 ‘hoc
826 852 912 921 enim
931 854 1074 924 maiores
1095 854 1181 924 inter
1204 852 1308 946 ulgi-
1430 920 1435 949 Ι

184 960 245 1029 lias
268 964 301 1027 et
320 982 360 1027 en
379 980 464 1051 qnae
481 958 634 1026 uidemus
657 955 829 1025 insomnis
849 957 934 1026 inter
953 980 1030 1029 esse
1047 958 1235 1042 uoluerunt,
1269 969 1308 1025 nt

183 1063 393 1131 insomnia
428 1062 564 1152 generis
596 1059 741 1131 lominini
780 1060 905 1128 numeri
939 1062 1120 1154 singularis
1149 1061 1307 1152 uigiliam

184 1166 398 1257 significaret,
414 1165 577 1235 insomnia
591 1184 671 1232 uero
686 1164 821 1254 generis
833 1165 940 1233 neutri
955 1166 1081 1235 numeri
1095 1163 1234 1255 pluralis
1251 1186 1306 1249 ea,

185 1291 271 1361 quae
283 1292 344 1359 per
358 1268 521 1338 somnium
535 1267 705 1351 uidemus,
726 1276 778 1334 ut:
798 1266 858 1335 sed
874 1267 958 1338 laisa
972 1270 1013 1337 ad
1027 1267 1153 1339 caelum
1170 1267 1309 1337 mittunt

185 1372 349 1442 insomnia
370 1393 482 1440 manes
509 1370 605 1462 [Aen.
627 1369 674 1437 Vl
694 1368 779 1460 8971.
826 1369 1003 1441 Sciendum
1028 1373 1145 1464 igitur:
1173 1371 1256 1463 qnia
1275 1371 1307 1440 si

186 1480 287 1545 terret
311 1474 509 1557 dixerimus,
537 1475 671 1565 antiqua
694 1472 756 1540 erit
780 1471 933 1543 elocutio.
980 1474 1192 1545 lnsomnia
1214 1475 1308 1543 enim

186 1578 261 1649 licet
291 1584 324 1647 et
351 1577 518 1647 Pacuuius
550 1583 583 1645 et
610 1575 738 1645 Ennius
767 1575 958 1668 frequenter
982 1579 1139 1661 dixerint,
1173 1576 1309 1647 Plinius

185 1685 296 1752 tamen
314 1681 457 1752 exclusit
476 1684 510 1750 et
527 1681 569 1750 de
586 1702 651 1749 usu
670 1677 829 1748 remouit’

291 1919 406 1990 Cicero
422 1920 463 1989 de
477 1919 543 2012 leg.
555 1918 582 1989 ll
597 1928 649 2003 27,
664 1813 852 1989 ssgl‘tfflois
865 1917 1029 2002 uersibus,
1045 1940 1130 2011 quos
1144 1919 1309 2013 longos

186 2023 331 2114 appellat
346 2023 492 2093 Ennius'
517 2023 666 2092 lsidorus
681 2019 798 2112 Orig.l
812 2028 853 2089 38
869 2020 1097 2091 ‘hexametros
1111 2028 1225 2092 nutem
1233 2025 1310 2094 La-

187 2127 275 2195 tinos
290 2126 429 2216 primum
446 2127 566 2196 iecisse
579 2125 706 2194 Ennius
722 2123 861 2192 traditur
875 2145 1002 2217 eosque
1016 2125 1169 2217 longos
1183 2130 1309 2198 uocat:

291 2342 430 2411 Seruius
456 2343 489 2411 in
517 2345 600 2412 Aen.
626 2343 639 2414 l
666 2242 963 2435 gtiXXiipostus
995 2350 1028 2414 et
1056 2346 1229 2439 porgite
1262 2348 1310 2418 de

187 2444 295 2514 Ennio
316 2445 501 2516 transtulit!

673 2546 815 2616 xxvm

291 2649 415 2719 Barthii
450 2649 556 2739 (Adu.
579 2650 719 2721 XXXlll
749 2652 807 2741 13)
846 2650 956 2721 Gloss.
986 2655 1027 2723 ad
1060 2653 1143 2723 Aen.
1171 2653 1234 2724 ΧΠ
1267 2666 1309 2726 19

188 2753 232 2843 (ll
253 2777 284 2845 p.
309 2762 368 2823 371
390 2754 498 2844 Lion.)
527 2761 564 2825 ‘o
587 2758 761 2847 praestans
780 2753 877 2823 animi
905 2756 1052 2827 iuuenis:
1080 2761 1132 2827 est
1155 2758 1310 2847 prudens

188 2857 279 2927 senis
296 2857 417 2926 dictum
441 2896 493 2909 —
519 2862 572 2929 est
591 2881 674 2929 nero
697 2879 741 2927 ex
763 2879 845 2929 seno
866 2857 988 2931 Ennio’
1016 2861 1131 2952 (immo
1149 2882 1199 2931 ex
1217 2861 1310 2933 En-

188 2961 278 3053 nio)
303 2961 535 3031 ‘translatum’

688 3060 801 3133 xxm

290 3165 411 3236 Festus
427 3190 459 3257 p.
474 3175 536 3236 277
551 3168 592 3236 ltl.
621 3164 964 3257 ‘[re]morbescat
986 3165 1127 3258 En[nius
1146 3168 1310 3258 posuisse

189 3269 321 3339 uidetur
340 3294 401 3362 pro
424 3270 456 3339 in
476 3270 640 3361 morlbum
661 3268 822 3339 reccidat!

291 3500 431 3570 Seruius
451 3501 483 3571 in
506 3507 589 3575 Aen.
607 3507 635 3576 Η
650 3403 727 3577 17}K
728 3403 867 3576 {imus
888 3507 992 3576 sudor
1090 3507 1199 3576 Probo
1220 3531 1309 3581 sane

190 3600 341 3692 displicet
362 3603 473 3673 salsus
494 3609 597 3677 sudor
619 3615 652 3679 et
666 3632 875 3700 superuacuo
896 3610 1040 3701 positum
1055 3611 1196 3680 uidetur.
1230 3613 1309 3683 Hoc

189 3708 299 3774 autem
324 3705 452 3775 Ennius
477 3711 519 3779 de
542 3711 661 3781 lamis
686 3712 788 3782 dixit'
835 3714 892 3782 An
926 3714 975 3783 de
1009 3714 1218 3784 lacrimis?
1261 3719 1306 3787 cl.

189 3808 309 3878 dnnl
332 3808 436 3880 mlx

292 4011 407 4083 Cicero
422 4037 483 4105 pro
497 4013 621 4084 Archia
635 4039 666 4107 p.
676 3914 870 4103 SJlKSX‘Isuo
892 4019 962 4088 iure
978 4024 1091 4089 noster
1107 4019 1162 4088 ille
1175 4021 1308 4092 Ennius

189 4121 358 4187 sanctos
376 4118 521 4210 appellnt
538 4122 673 4209 poetas,
696 4121 785 4214 quod
805 4122 903 4213 quasi
923 4123 1061 4193 deorum
1081 4123 1193 4215 aliquo
1214 4124 1308 4196 dono

188 4224 288 4311 alque
312 4243 446 4291 monere
468 4224 686 4295 commendeti
705 4224 802 4295 nobis
822 4247 902 4297 csse
919 4225 1113 4297 uideantur!
