2932 4942
537 326 561 394 j
603 313 846 383 namovmn

272 597 410 683 Quantis
430 598 504 669 cum
526 602 693 674 aerumnis
711 602 802 674 iilum
821 603 996 672 exanclaui
1014 601 1116 671 diem!

685 753 776 828 xn*
1068 720 1071 727 ’

270 867 366 954 Vidi,
396 852 512 941 uidere
530 873 619 965 quod
644 895 718 944 sum
731 863 840 965 'passa
860 873 1067 966 aegerrume,

270 972 446 1043 Hectorem
465 997 563 1044 curru
583 977 782 1070 quadriiugo
804 976 974 1068 raptarier,

189 1082 247 1143 130
274 1075 427 1145 Hectoris
445 1082 558 1163 natum
575 1080 617 1151 de
635 1102 729 1174 muro
747 1079 908 1153 iactarier.

599 1215 626 1285 s
688 1228 764 1301 XIII

271 1343 391 1414 Festus
410 1369 442 1437 p.
464 1354 525 1418 298
541 1349 583 1418 Μ.
610 1344 888 1441 ‘[suminu]ssi
901 1341 1099 1418 ‘dicebantur
1118 1347 1282 1438 [murmu-
1387 1426 1391 1435 ,

168 1447 308 1539 ratores]
332 1501 391 1517 ...
414 1450 560 1521 Naeuius
577 1493 628 1504 —
646 1453 775 1523 Ennius
792 1452 825 1521 in
846 1455 942 1541 sexto
966 1450 1037 1545 [Vi]
1071 1451 1221 1542 [Enniuls
1250 1450 1296 1519 in·

168 1549 418 1622 Andromacha:
446 1553 580 1648 di[cere]
685 1555 777 1647 [nolu
796 1559 864 1625 e'st:
888 1578 962 1625 nam
981 1577 1132 1625 mussare
1151 1555 1179 1623 si
1198 1606 1272 1623 .....
1275 1553 1282 1578 '

585 1696 858 1813 auuncunnn

661 1877 775 1946 ss‘I

271 2044 280 2060 .
333 2044 341 2060 .
395 2045 403 2061 .
458 2045 465 2061 .
520 2016 605 2085 quae
622 1993 706 2064 caina
722 1979 807 2066 caeli

271 2094 554 2188 Signr'tenentibus
574 2097 832 2191 conficis'bigis!

694 2247 753 2319 11*
839 2310 845 2321 .

271 2421 653 2438 .......
707 2373 739 2440 et
756 2370 831 2462 quis
848 2369 943 2438 ittaec
959 2372 1026 2452 est,
1047 2392 1132 2461 quae
1149 2364 1282 2463 lugubri

271 2471 446 2544 succincta
467 2476 519 2542 est
540 2472 652 2544 stola?
748 2487 753 2520 1

755 2630 771 2655 0
1180 2649 1183 2655 .

202 2674 238 2722 XI
267 2674 365 2725 Nouius
388 2691 415 2740 p.
440 2673 505 2734 292,
530 2674 547 2724 8
578 2675 769 2726 ‘exanclare
794 2676 871 2726 etiam
896 2672 1024 2740 siguificat
1048 2673 1157 2738 perpeti¹
1186 2673 1283 2723 Enntus

170 2742 394 2794 Andromache
414 2744 497 2794 mato
516 2746 701 2807 torquentia
725 2746 795 2795 cum'
818 2761 841 2794 e.
861 2759 886 2806 q.
909 2741 934 2792 sl
962 2742 1168 2808 (torquentis
1187 2742 1282 2793 Geneu.

170 2812 264 2862 Andr.
292 2812 549 2863 aechmalatide:
577 2815 709 2876 quantis
731 2814 850 2864 Rothina.
880 2810 1104 2862 Andromache
1132 2811 1282 2861 molotto:

170 2881 300 2941 quantis
319 2880 461 2946 Mercerus)
531 2882 578 2933 XII
600 2881 688 2933 Cicero
702 2883 778 2942 Ture.
794 2883 888 2948 atomi
907 2883 950 2940 44,
968 2881 1018 2944 105
1043 2880 1134 2930 ‘trehit
1150 2880 1284 2945 Hectorem

231 2949 346 3000 Achilles
432 2951 466 2998 At
484 2951 530 2999 iila
547 2952 613 3000 sicut
630 2952 822 3002 acerbissimam
840 2965 893 3000 rern
906 2957 1016 3000 maeret:
1038 2946 1110 3013 [128.
1128 2945 1189 3013 129]
1209 2965 1284 3013 quem

171 3019 322 3068 Hectorem?
348 3027 391 3067 aut
410 3034 486 3082 quam
505 3019 550 3069 diu
566 3020 610 3070 ille
629 3021 677 3070 erit
696 3021 807 3071 Hector?
831 3019 924 3070 Melius
943 3020 1036 3068 Accius
1056 3018 1120 3067 ...'
1149 3019 1232 3068 Varro
1252 3019 1285 3069 (Ie

171 3088 198 3137 i..
214 3088 243 3138 L.
259 3087 284 3137 X
299 3088 334 3139 to
346 3088 380 3138 Μ.
402 3091 466 3139 ‘non
483 3089 560 3138 modo
578 3093 685 3155 poetae,
705 3090 752 3141 aed
764 3092 841 3141 etiam
853 3087 971 3154 plerique
982 3104 1012 3138 ec
1026 3089 1110 3155 primo
1123 3088 1220 3148 omnis,
1240 3089 1284 3152 qui

170 3158 254 3207 soluta
269 3158 384 3208 oratione
398 3158 547 3222 loquuntur,
567 3158 701 3218 dicebant,
718 3168 748 3210 ut
765 3167 938 3223 quaestorem,
960 3165 1120 3224 praetorem,
1138 3157 1176 3206 sic
1193 3158 1285 3209 Hecti-

171 3244 237 3287 rem,
256 3227 396 3278 Nestorem.
421 3229 508 3292 ltaque
521 3229 618 3279 Ennius
630 3231 667 3279 ait
684 3227 778 3296 [130].’
800 3231 942 3292 Vtrumque
956 3229 1041 3278 Iocum
1057 3227 1218 3279 coniunctum
1232 3229 1285 3278 nn-

171 3297 325 3348 dromachae
335 3297 425 3347 tribuit
438 3298 555 3364 Scaliger
806 3326 809 3332 ι
884 3334 888 3343 ,

205 3370 388 3417 Annaottana
425 3369 436 3418 1
460 3368 542 3418 Varro
561 3369 592 3418 de
609 3368 638 3418 L.
654 3369 684 3419 L.
697 3370 721 3419 V
737 3368 770 3421 19
788 3368 822 3418 Μ.
847 3370 876 3416 ‘a
896 3368 966 3419 Chao
985 3367 1093 3428 choum,
1116 3366 1177 3417 hinc
1192 3383 1285 3422 cauum
1355 3414 1367 3433 ,.

170 3445 194 3487 et
217 3436 278 3486 hinc
305 3437 404 3487 caelum
498 3439 589 3501 itaque
615 3439 678 3490 dicit
703 3438 869 3490 Andromeda
896 3439 977 3488 nocti:
1003 3438 1080 3502 quae’
1105 3453 1128 3488 e.
1147 3453 1172 3501 q.
1193 3453 1215 3487 a.
1243 3440 1285 3488 ‘et

170 3509 347 3573 Agamemnon
367 3543 419 3556 ....
441 3516 465 3557 et
477 3508 575 3558 Ennius
587 3509 650 3559 item
664 3509 698 3560 ad
711 3510 871 3560 cauatIoaem
887 3510 939 3558 ...'
962 3507 1187 3574 (Andromeda
1203 3507 1285 3559 Scaii-
1309 3548 1312 3553 ⁴

169 3591 223 3643 ger.
246 3576 452 3628 Andromeda
465 3577 522 3627 Par.
533 3578 562 3628 tr.
580 3579 807 3633 Andromacha
821 3577 889 3629 Flor.
904 3582 944 3629 ‘ut
955 3580 1019 3629 uid!
1035 3577 1195 3630 Androma
1208 3577 1284 3631 Goth.

169 3647 252 3697 Haun.
266 3647 322 3697 Par.
338 3655 393 3697 aet
405 3645 433 3711 c)
504 3649 527 3697 II
548 3647 648 3699 Nonius
660 3665 687 3716 p.
706 3647 795 3711 198,1
822 3650 907 3699 ‘cais
925 3658 949 3699 et
967 3649 1055 3716 generi
1069 3647 1192 3699 temininc
1213 3648 1283 3699 attri-

169 3717 213 3767 bui
226 3731 303 3784 poeae
316 3724 432 3768 ueterum
444 3720 584 3769 auctoritas
595 3719 679 3770 uoluit
763 3720 873 3771 Ennius:
894 3728 918 3770 et
932 3721 1001 3782 quIs'
1021 3736 1044 3770 e.
1055 3735 1080 3782 q.
1091 3735 1112 3767 e.
1140 3718 1195 3768 Huc
1207 3718 1285 3768 refert

213 3896 262 3952 127
281 3896 406 3950 erumnis
417 3895 546 3967 plerique
563 3895 626 3949 iibri
712 3912 862 3951 aerumnas
879 3896 956 3950 iilum
971 3894 1114 3949 exanclari
1130 3908 1193 3946 eum
1205 3891 1285 3946 diem

168 3978 258 4033 Booti·
348 3984 397 4038 raa
419 3979 495 4049 quod
519 3996 581 4034 sum
603 3995 690 4050 passa
712 3980 793 4039 Vind.
808 4000 825 4035 o
846 3980 959 4042 Μὴ,
979 3979 1122 4035 Davisius.
1143 3975 1219 4045 quod
1239 3992 1284 4028 me

168 4077 254 4131 possa
266 4063 336 4135 Περ.
347 4063 421 4118 Pro.
435 4064 506 4119 Gari.
519 4080 582 4118 cum
594 4068 693 4121 ceteris
781 4069 832 4122 tra
847 4078 929 4118 curro
942 4062 1013 4132 Req.
1026 4060 1097 4117 Gud-
1184 4063 1236 4117 130
1249 4058 1285 4114 de

169 4161 265 4200 moero
282 4146 417 4219 Scatr'qer.
441 4148 478 4202 de
495 4148 617 4203 Troiano
634 4165 714 4204 muro
729 4150 793 4205 libri
879 4146 1008 4201 iactarier
1028 4144 1164 4214 Scottqer.
1187 4144 1285 4200 iactari
