2932 4942
177 347 228 396 Lu
577 330 891 402 ovnusrrouns

179 506 317 565 Romanis
339 507 471 562 extructa
493 497 637 572 cogitant:
670 514 726 575 qua
748 517 780 557 re
801 496 930 574 Merula,
959 499 1006 576 qui
1027 517 1043 558 a
1064 502 1205 579 septimo,
1230 518 1287 560 non

179 622 208 671 ut
230 609 370 669 Columna
399 613 540 678 aserto,
569 623 603 663 ea
634 604 713 664 bella
741 605 872 683 incipere
895 608 1009 681 statuit,
1039 616 1145 666 mutato
1166 626 1286 667 numero

178 719 206 776 iu
228 735 292 776 eum
315 714 419 773 librum
434 710 578 771 transtulit
593 710 795 787 fragmentum.
834 712 899 785 Quo
915 711 984 790 quid
1001 711 1111 772 Ennius
1128 717 1286 790 exornarit,

178 824 271 901 potuit
300 839 364 880 cum
393 820 523 897 isquam
547 818 611 895 ipse
635 826 821 877 secutus-est
842 817 1002 894 Homerus,
1032 828 1090 878 tum
1112 820 1215 879 relicui
1238 821 1286 898 qui

176 928 271 987 simile
287 944 420 985 uersuum
436 932 632 983 ornamentum
645 922 837 983 adhibuerunt
849 931 956 1003 poetae
969 927 1153 1004 posteriores
1165 925 1286 985 docere.

176 1032 277 1110 ltaque
292 1031 436 1090 Homerus
451 1031 501 1105 ait,
517 1030 556 1088 ibi
572 1027 620 1087 ubi
635 1030 663 1086 in
679 1030 782 1089 iuuere
799 1031 926 1091 Patrocli
942 1040 1075 1091 uersatur
1091 1029 1141 1108 (11.
1161 1035 1195 1091 Ψ
1211 1031 1285 1108 tlt)

176 1138 208 1198 oi
226 1128 256 1197 δ’
279 1137 349 1199 ἴσαν
367 1129 528 1214 ὑλοτόμους
549 1133 686 1208 πελέκεας
708 1133 741 1196 ἐν
761 1135 859 1216 χερσὶν
881 1136 993 1216 ἔχοντες
1005 1130 1114 1217 Σειράς
1132 1127 1160 1196 τ’
1183 1126 1286 1196 εὐπλέ-

177 1261 284 1316 κτους·
308 1239 366 1323 ττρδ
383 1233 411 1302 δ’
433 1233 483 1321 άρ’
506 1231 611 1320 οὐρῆες
626 1243 692 1301 κίον
707 1231 820 1301 αὐτῶν·
857 1234 1009 1304 Πο11άδ’
1026 1237 1140 1304 άναντα
1155 1235 1286 1302 κάταντα

175 1341 314 1430 πάραντά
340 1370 370 1408 τε
400 1341 506 1427 δόχμιά
534 1337 559 1407 τ’
584 1331 691 1424 ἦλθον.
734 1339 815 1408 Ἀλλ’
845 1340 892 1408 ὅτε
921 1341 959 1426 δὴ
984 1343 1116 1427 κνημοὺς
1136 1346 1287 1427 προσέβαν

174 1455 376 1527 πολυπίδακος
395 1449 491 1532 Ἴδης,
522 1442 630 1514 Αάτ1κ’
657 1445 716 1532 άρα
739 1453 812 1532 δρῦς
832 1447 1002 1532 υψτκόμους
1020 1447 1162 1531 ταναήκεϊ
1186 1456 1286 1533 χαλκῷ

178 1555 300 1638 Τάμνον
320 1552 517 1640 ἐπειγόμενον·
540 1556 589 1619 ταὶ
612 1556 644 1618 δὲ
663 1551 776 1638 μεγάλα
790 1557 969 1622 κτυπέουσαι
987 1565 1107 1621 Πῖπτον
1122 1563 1181 1621 κτλ.
1220 1557 1285 1631 Quo

175 1667 298 1726 artificio
321 1666 367 1725 bis
389 1685 458 1724 usus
482 1675 528 1725 est
548 1665 715 1742 Vergilius,
738 1673 767 1724 et
790 1665 827 1725 dc
850 1668 1000 1746 sepultura
1022 1666 1126 1726 Miseni
1148 1665 1224 1725 Aen.
1246 1664 1286 1723 Vl

178 1771 255 1846 179,
287 1790 374 1849 quem
400 1772 497 1831 locum
527 1791 591 1832 cum
619 1770 756 1831 Ennianis
777 1773 913 1832 uersibus
935 1771 1101 1833 Macrobius
1119 1773 1180 1831 Sat.
1203 1770 1284 1830 vla

175 1893 203 1954 p.
228 1875 289 1936 513
311 1876 376 1942 lan.
405 1881 587 1957 composuit,
618 1887 648 1937 et
673 1878 710 1938 de
736 1895 810 1954 rogo
841 1877 978 1938 Pallantis
1010 1878 1100 1955 (Aen.
1124 1877 1166 1939 Xl
1191 1877 1282 1956 134):

172 2002 226 2057 per
259 1989 347 2042 silam
379 1989 481 2043 Teucri
508 1991 640 2058 maurique
669 1991 773 2058 τ’κρακο
799 1989 892 2043 Lctbei
918 1987 1065 2042 Erruuere
1090 1990 1169 2062 οὐρα.
1204 1989 1285 2059 ferro

173 2098 255 2146 sonat
275 2094 333 2146 atta
359 2094 470 2163 bipenni
488 2093 649 2146 Fraxinus.-
679 2096 807 2147 euertunt
828 2098 907 2146 uetes
933 2093 971 2147 ad
987 2095 1081 2149 sidon
1097 2097 1199 2167 ρτυυο,
1229 2094 1285 2149 Ro-

175 2196 243 2251 bora
260 2213 311 2252 nec
331 2200 425 2254 creneio
447 2203 472 2253 et
489 2199 603 2253 olentem
624 2199 752 2253 τοτ’κδοττ
770 2198 894 2256 cedrum.
939 2199 997 2254 Nec
1016 2201 1154 2271 plaeetne
1176 2207 1286 2256 cessant

174 2307 289 2357 υοοτανο
309 2304 475 2376 pementibns
501 2319 595 2360 ornos.
639 2298 743 2378 Neque
764 2298 801 2358 ab
822 2317 857 2358 ea
880 2298 972 2360 iorma
999 2302 1160 2381 principum
1182 2311 1283 2381 poeta·

119 2397 123 2406 ’
174 2421 236 2462 rum
260 2423 312 2463 usu
339 2407 421 2484 quasi
447 2407 558 2467 sancita
580 2415 628 2466 aut
650 2405 739 2465 Silius
760 2402 788 2463 X
809 2402 870 2464 529
891 2405 928 2465 de
950 2406 1067 2468 Aemilii
1086 2408 1166 2469 Pauli
1188 2418 1284 2487 (epur-

173 2530 257 2586 aoque
289 2519 462 2588 propinquos
495 2518 609 2589 Apmine
635 2520 819 2589 praetemunt
848 2516 940 2588 lucos,
974 2525 1056 2574 sonat
1080 2526 1144 2575 ectu
1175 2522 1286 2594 bipenni

174 2619 326 2675 Frondosis
345 2623 416 2677 silua
439 2623 495 2678 ulta
516 2625 586 2695 iupis
604 2636 630 2677 c.
645 2635 673 2695 q,
686 2618 729 2695 s.)
758 2626 806 2677 aut
826 2618 933 2678 Statius
952 2618 1101 2681 Thebaide
1121 2622 1162 2683 Vl
1183 2623 1223 2685 90
1246 2624 1282 2685 de

173 2718 347 2782 Archemori
373 2722 477 2783 funere
498 2730 644 2796 (sternitur
671 2729 807 2799 extempio
834 2737 942 2785 ueteres
967 2731 1077 2787 ineidua
1102 2732 1184 2804 ferro
1205 2733 1282 2789 Silue

173 2846 267 2886 conas
281 2844 308 2886 e.
325 2846 354 2906 q.
370 2831 411 2907 s.)
428 2829 557 2892 dellexit.
601 2827 702 2905 ltaque
724 2829 784 2888 noli
807 2828 949 2907 dubitare,
973 2834 1040 2910 quin
1057 2834 1141 2894 Ennii
1163 2851 1281 2913 quoque

173 2949 276 2991 uersus
300 2931 342 2992 illi
372 2934 407 2994 ad
432 2953 535 3013 rogum
560 2935 589 2993 in
618 2951 655 2992 eo
684 2935 800 3014 proelio
823 2954 976 2997 caesorum
998 2941 1178 3018 pertineant,
1206 2957 1281 3018 quos

171 3036 299 3110 Pyrrhus
314 3047 371 3100 tam
388 3059 458 3102 suos
475 3062 558 3121 quam
574 3041 722 3101 Romanos
735 3046 915 3104 concremari
929 3046 1021 3106 iussit.
1043 3043 1088 3108 Gi.
1101 3044 1207 3104 Florus
1222 3045 1242 3104 l.
1260 3045 1279 3104 1.

171 3148 345 3220 interemptos
365 3155 501 3207 cremauit
521 3158 550 3208 et
570 3147 729 3226 Eutropius
752 3148 820 3210 116
850 3169 946 3210 caesor
974 3157 1106 3227 repetiuit.
1151 3150 1280 3211 Niebuh-

171 3248 231 3306 rius
266 3247 339 3309 Hist.
375 3249 457 3312 llum.
489 3252 529 3312 111
558 3252 630 3314 559.
693 3253 763 3313 Post
801 3273 865 3315 eum
898 3274 1022 3335 pugnam
1059 3257 1185 3333 Pyrrhus
1220 3276 1279 3317 me·

171 3353 342 3413 morabitem
377 3372 462 3432 quam
488 3355 610 3415 Orosius
628 3357 703 3416 lvt
730 3362 915 3420 conseruauit
944 3365 1163 3441 inscriptionem
1192 3362 1278 3443 (ΧΗ)

172 3458 200 3516 1ο
239 3458 349 3537 templo
382 3457 460 3518 louis
491 3459 638 3520 Tarentini
667 3461 776 3528 adfixit.
835 3465 910 3525 Dein
947 3467 1059 3546 legati,
1095 3472 1170 3529 inter
1205 3488 1278 3548 quos

171 3560 338 3637 Fabricius,
365 3563 402 3622 de
422 3566 597 3625 redimendis
620 3567 743 3645 captiuis
766 3569 802 3628 ad
823 3570 962 3644 Pyrrhum
984 3576 1144 3635 mittuntur:
1174 3577 1278 3636 redditi

171 3665 234 3722 sine
255 3667 350 3741 pretio
374 3667 474 3749 (Xlll)
499 3672 650 3731 ‘redinunt
668 3674 696 3732 in
717 3675 868 3753 patriam',
892 3686 923 3736 ut
938 3680 977 3739 ait
995 3679 1103 3740 Ennius
1123 3680 1194 3757 (inc.
1213 3681 1277 3741 sed.

170 3765 296 3849 XVlll):
317 3789 488 3850 quamquam
508 3774 544 3834 de
565 3777 628 3836 cius
646 3779 718 3838 sede
741 3782 879 3840 uersiculi
900 3784 970 3844 nihil
990 3786 1110 3847 adiirmo
1130 3787 1276 3848 conliden-

169 3872 234 3937 tius.
273 3874 425 3937 Liberatus
445 3888 540 3940 uutem
559 3883 622 3942 sins
645 3886 739 3963 pretio
767 3888 900 3966 captiuos
916 3889 1011 3950 Liuius
1032 3910 1169 3972 quoquc,
1195 3897 1277 3954 cuius

168 3981 294 4039 narratio
309 3999 325 4040 e
341 3983 481 4059 periocha
493 3984 572 4064 Xlll,
591 4006 608 4047 e
620 3988 709 4050 Floro
722 3991 752 4070 (l
767 3993 804 4054 13
817 4011 845 4072 p.
854 3993 893 4054 24
906 3995 1010 4077 Jahn.)
1025 3996 1169 4078 Eutropio
1183 3998 1226 4078 (ll
1239 4003 1275 4080 7)

168 4085 289 4148 Aurelio
302 4087 423 4148 Victore
440 4091 493 4170 (de
509 4094 562 4153 uir.
578 4095 627 4160 inl.
640 4097 697 4177 35)
715 4097 853 4178 hauritur,
866 4110 900 4173 ,et
911 4101 1034 4165 Dionem
1049 4114 1168 4164 secutus
1181 4103 1274 4166 Zona·

166 4208 215 4261 ras
235 4193 340 4258 111114
363 4215 391 4276 p.
413 4197 471 4259 116
488 4199 534 4261 ed.
548 4199 639 4261 Bono.
656 4204 874 4282 perhibuerunt.
920 4205 1028 4270 Contra
1043 4209 1212 4289 Dionysius,
1236 4213 1274 4272 si·
