2932 4942
215 309 258 372 96
568 329 571 335 ·
596 313 947 373 TRAGOEDIARVM

756 481 790 552 V

251 610 292 670 40
320 600 483 672 'Animam
500 587 603 669 misso
621 602 744 696 stingui
761 601 873 693 tepido
895 601 979 671 tullii
997 602 1149 675 elllante's
1167 607 1291 675 uolani.

650 770 897 847 ALCVMAEO

756 912 784 1184 Ill
863 1013 985 1081 sactum
1006 1015 1058 1082 est
1079 1012 1144 1082 iim
1163 1013 1220 1082 diu

318 1232 430 1303 Multis
449 1255 524 1302 sum
541 1232 648 1303 modis
666 1233 925 1317 circumuentus,
953 1229 1086 1318 morbo,
1112 1233 1212 1304 exilio
1232 1238 1331 1327 atque

870 1334 1000 1426 inopia3

320 1438 404 1507 Ttim
440 1460 548 1529 pauor
584 1438 780 1530 sapientiam
805 1431 939 1509 ‘omnem
967 1437 1010 1505 mi
1042 1438 1229 1509 exanimato
1265 1462 1331 1509 ex-

879 1543 1046 1635 pectoral3

318 1643 422 1713 Meter
443 1642 621 1713 terribile'm
644 1643 787 1715 minatur
807 1649 897 1716 uitae
917 1644 1098 1715 cruciatum
1116 1644 1149 1714 et
1171 1665 1295 1729 necem,

250 1758 292 1817 45
320 1746 413 1832 Quae
443 1767 540 1816 nemo
571 1750 622 1816 est
651 1750 717 1818 lam
747 1749 843 1819 firmo
880 1747 1016 1840 ingenio
1043 1751 1075 1817 et
1100 1748 1192 1817 tenta
1221 1746 1330 1817 eonti-

828 1925 831 1929 .
879 1851 999 1936 de'ntia,

319 1950 405 2035 Quin
424 1952 569 2044 refugiat
588 1954 701 2024 timido
723 1976 877 2046 sanguen
897 1956 996 2048 atque
1019 1952 1209 2023 exalbescat
1230 1954 1329 2021 metu.

248 2156 272 2204 V
290 2154 382 2204 Festus
397 2169 423 2219 p.
439 2153 534 2205 35211.
555 2153 582 2220 ‘[
588 2155 707 2206 tullios
721 2154 777 2222 alii]
792 2156 913 2207 dixerunt
928 2171 985 2208 esse
998 2155 1104 2214 silanos,
1121 2154 1168 2203 alii
1180 2155 1265 2213 riuos,
1284 2153 1330 2203 alii

214 2223 377 2274 uehementes
393 2224 564 2289 proiectiones
583 2226 718 2290 sanguinis
735 2227 858 2276 arcuatim
878 2227 995 2287 fluentis,
1015 2224 1103 2289 quales
1123 2230 1182 2273 sunt
1192 2223 1282 2273 Tiburi
1302 2224 1330 2272 in

214 2294 327 2343 Aniene:
351 2294 448 2343 Ennius
463 2293 543 2343 Aiace
566 2295 622 2343 ...⁹
655 2295 751 2346 Paulus
769 2311 797 2362 p.
816 2295 868 2348 353
884 2297 917 2346 Μ.
938 2295 1069 2345 ‘tullios
1089 2293 1134 2344 alii
1215 2293 1328 2343 Ennius:

208 2377 260 2415 ‚san
307 2363 351 2412 ne’
367 2379 390 2413 e.
408 2378 432 2425 q.
448 2377 470 2412 s.
748 2408 751 2423 ,

248 2377 408 2483 §uotam
458 2433 469 2481 Ι
503 2431 600 2481 Nonius
621 2447 648 2497 p.
676 2433 734 2493 127,
760 2432 794 2485 13
827 2434 964 2485 ‘iamdiu
992 2447 1040 2499 pro
1066 2431 1129 2482 olim
1232 2430 1329 2498 Ennius

213 2502 353 2552 Alcmeone
368 2501 425 2551 ...⁹
496 2502 520 2550 ll
543 2500 632 2551 Cicero
652 2502 685 2553 de
705 2510 768 2553 orat.
792 2503 884 2565 11Ι58,
900 2504 952 2554 218
971 2502 1069 2552 ‘aliud’
1087 2500 1139 2567 (so.
1157 2501 1229 2550 uoeis
1248 2514 1329 2565 genus

213 2573 263 2622 sibi
280 2569 371 2636 sumit)
396 2574 508 2631 ‘metus,
528 2571 669 2621 demissum
687 2580 713 2623 et
730 2573 862 2624 haesitans
880 2581 905 2623 et
925 2573 1053 2623 abiectum
1075 2567 1221 2636 [ιθ-46]]
1258 2569 1330 2619 ldem

213 2641 246 2692 de
267 2640 311 2691 fln.
334 2643 369 2691 1v
388 2641 431 2701 23,
447 2639 480 2690 62
504 2641 568 2691 ‘hoo
583 2655 645 2690 uero
664 2650 689 2692 te
710 2642 777 2693 ferre
798 2658 849 2692 non
869 2644 1000 2709 potuisse,
1026 2641 1096 2704 quod
1114 2640 1212 2703 antiqui
1230 2638 1269 2688 illi

213 2711 383 2770 crediderint,
401 2711 471 2770 eius,
491 2712 535 2774 qui
551 2710 657 2761 honeste
675 2713 789 2773 uiueret,
813 2714 836 2762 si
852 2713 922 2771 idem
942 2713 1020 2762 etiam
1040 2711 1105 2760 bene
1125 2709 1237 2768 ualeret,
1264 2707 1329 2758 bene

214 2781 327 2841 audiret,
345 2781 465 2845 copiosus
485 2787 569 2841 esset,
584 2782 768 2846 optabiliorem
783 2782 838 2832 fore
855 2778 938 2832 uitam'
950 2781 1133 2842 melioremque
1147 2786 1172 2828 et
1186 2777 1269 2843 magis
1284 2792 1329 2828 ex-

214 2852 365 2917 petendam,
391 2865 467 2914 quam
485 2850 575 2913 illiusa
597 2851 640 2914 qui
665 2867 746 2915 aeque
765 2853 806 2902 uir
823 2853 906 2902 bonus
928 2850 1039 2900 multis
1062 2848 1166 2899 modis
1190 2854 1271 2907 esset,
1302 2854 1330 2896 ut

213 2923 295 2972 Enni
310 2921 479 2977 Alcmaeo,
496 2921 786 2971 circumuentus-
801 2922 933 2987 inopia?
963 2920 1034 2970 ldem
1047 2919 1079 2969 de
1093 2925 1156 2968 orat.
1174 2919 1210 2967 Ill
1223 2915 1330 2976 38154

214 2995 357 3042 ‘nouantur
370 2998 455 3040 autem
475 2990 567 3051 uerba,
587 3006 655 3053 quae
671 2992 747 3042 abeo
765 2993 808 3055 qui
823 2992 885 3042 dicit
905 2993 962 3056 ipso
980 2991 1121 3055 gignuntur
1140 3003 1170 3037 ao
1184 2985 1262 3046 flunt,
1286 2985 1329 3035 uel
1383 3042 1385 3047 ,

213 3058 404 3127 coniungendis
417 3059 504 3109 uerbis
518 3067 546 3109 ut
564 3060 629 3110 haee
650 3058 725 3126 [43].’
755 3061 848 3127 (Deest
863 3061 906 3110 hie
919 3061 991 3111 loeus
1004 3058 1095 3108 inErl.
1110 3054 1140 3121 a)
1165 3056 1236 3106 Idem
1251 3056 1328 3104 Tuse.

213 3133 280 3197 disp.
301 3133 337 3181 IV
357 3128 432 3190 8,19
457 3133 464 3155 ‘
475 3144 613 3194 pauorem,
639 3137 735 3180 metum
756 3138 866 3181 mentem
887 3130 943 3180 loeo
963 3135 1120 3187 mouentem,
1144 3140 1177 3175 ex
1196 3125 1248 3188 quo'
1264 3125 1330 3174 illud

211 3202 335 3250 Ennius
352 3197 428 3266 [43Je
456 3198 553 3248 Nonius
568 3214 595 3265 p.
612 3199 654 3260 16,
669 3202 684 3250 7
704 3203 943 3266 ‘expectorato
957 3205 996 3248 est
1008 3205 1081 3248 extra
1092 3201 1182 3262 peetus
1197 3196 1280 3244 eicere
1294 3220 1329 3229 -

214 3271 302 3322 Gioero
318 3271 351 3320 de
365 3276 428 3321 orat.
445 3267 490 3317 lib.
507 3269 558 3318 111:
582 3267 658 3335 [43].’
687 3268 858 3329 Quintilianus
872 3271 933 3319 VIll
951 3266 978 3328 3,
993 3266 1025 3318 31
1046 3271 1085 3316 ‘at
1105 3272 1205 3315 ueteres
1224 3279 1256 3313 ne
1274 3279 1329 3314 ex-

213 3341 366 3405 pectorat
386 3337 489 3402 quidem
511 3339 667 3388 timuerunt!
703 3339 791 3390 Gioero
806 3340 839 3390 de
852 3338 896 3388 fia
907 3340 931 3388 V
945 3338 987 3399 11,
1002 3335 1034 3389 31
1059 3336 1134 3398 ‘quis
1148 3341 1189 3387 ,est
1203 3335 1271 3384 enim
1286 3341 1329 3383 aut

253 3551 288 3605 to
313 3545 435 3600 animam
458 3547 546 3606 misso
569 3548 670 3620 sangui
691 3547 874 3604 Hermotimus
900 3549 929 3602 in
950 3546 1037 3618 δορὴ.
1060 3546 1104 3601 Αἰ.
1126 3549 1179 3605 918
1201 3544 1245 3600 ed.
1267 3549 1328 3599 tert.

212 3631 288 3686 Aiax
307 3632 395 3686 misso
417 3633 555 3703 sanguine
577 3633 637 3687 cod.
655 3633 731 3687 Festi
816 3633 884 3688 tullii
902 3631 1017 3687 Paulus.
1038 3631 1097 3686 tulii
1112 3632 1173 3686 cod.
1189 3630 1266 3685 Festi

253 3719 289 3774 43
311 3731 438 3782 omnem,
463 3731 515 3770 om.
538 3718 591 3784 mi,
615 3716 729 3780 Alone,
743 3718 805 3774 Erl.
821 3735 840 3772 a
857 3717 913 3774 Cic.
929 3717 964 3772 de
977 3722 1049 3771 orat.
1063 3713 1117 3770 111
1129 3719 1191 3775 tls.
1215 3730 1327 3768 omnem

211 3801 280 3857 mihi
298 3800 367 3872 Ray.
384 3799 458 3855 Pitlt.
474 3799 530 3857 Cio.
548 3801 630 3856 Tuae.
654 3802 722 3857 mihi
745 3819 857 3858 onlnem
878 3802 984 3858 Nonius
1069 3793 1219 3856 exal¹mato
1235 3799 1328 3853 Erl.a
1386 3844 1388 3848 .

210 3887 324 3942 deorat.
331 3884 386 3941 III
389 3889 451 3944 218.
463 3902 499 3940 ex
510 3888 603 3941 anima
614 3885 684 3958 neq.
692 3887 766 3944 Pitlt.
777 3888 859 3944 Tunc.
964 3889 1001 3944 44
1012 3891 1099 3941 mater
1113 3881 1327 3941 &Ribbeclciua

210 3973 280 4027 alter
294 3971 358 4027 libri
363 3972 499 4043 plerique,
511 3987 565 4028 om.
578 3970 689 4026 Abrine.
703 3973 791 4029 Erta
877 3972 997 4026 minatur
1009 3969 1122 4026 Altino.
1136 3969 1195 4024 Erl.
1204 3985 1231 4023 a.
1246 3968 1325 4022 mini-

211 4064 283 4114 tatur
300 4059 386 4113 celem
468 4060 504 4118 46
526 4057 615 4129 fugiat
627 4055 733 4112 Nomio
797 4072 927 4130 sanguen
945 4056 1056 4112 Aureae.
1071 4053 1183 4110 Eritab
1197 4053 1233 4109 de
1244 4057 1326 4118 orat,

211 4142 331 4211 Nonius,
353 4141 526 4197 ermanus.
549 4142 688 4213 sanguine
711 4144 798 4198 celeri
817 4141 882 4198 libri
900 4140 1040 4196 Gt'oeronio
1059 4139 1184 4194 deerat.
1207 4137 1327 4208 sanguis

211 4224 305 4282 Cicero
319 4226 414 4297 defin.
