2932 4942
608 331 845 391 ANNALIVM

692 502 734 572 lll
748 502 765 535 *

274 642 341 711 Nec
360 663 412 710 me
431 663 500 710 rem
519 640 613 709 decet
633 638 719 708 hauc
740 637 963 708 carinautibus
986 637 1085 706 cdere
1107 633 1240 704 chartis.

678 775 726 844 IV
740 773 780 810 *s

187 905 250 968 230
278 894 408 986 Appius
430 894 546 964 indixit
562 895 895 988 Karthaginiensibus
917 892 1047 962 bellum.

701 1031 734 1098 V
747 1029 763 1065 ss

277 1149 461 1241 Explorant
477 1151 653 1221 Numidae:
676 1155 779 1222 totam
802 1149 905 1244 quatit
922 1146 1051 1240 ungula
1069 1149 1200 1214 terram.

694 1289 742 1357 Vl
756 1290 772 1324 *

280 1458 601 1478 ......
654 1411 772 1476 tonsas
789 1408 866 1475 ante
885 1406 1036 1474 tenentes

279 1509 454 1595 Parerent,
478 1512 711 1595 obseruarent,
737 1508 940 1600 portisculus
960 1507 1096 1599 signum

280 1611 362 1682 Cum
382 1612 462 1683 dare
479 1615 647 1706 coepisset

703 1745 766 1816 Vll

192 1875 255 1938 235
281 1867 384 1965 Poste
407 1867 585 1937 recumbite
603 1872 784 1960 uestraque
802 1867 940 1957 pectora
961 1863 1074 1956 pellite
1091 1863 1208 1934 tonsis.

696 2002 773 2071 Vlll

280 2120 373 2191 Pone
394 2123 526 2212 petunt:
549 2120 636 2191 exim
659 2124 806 2193 referunt
824 2121 867 2191 ad
886 2121 1024 2212 pectora
1043 2120 1172 2187 tonsas.

213 2320 251 2370 111
276 2317 382 2370 Seruius
406 2320 433 2369 in
456 2321 521 2371 Aen.
547 2323 608 2374 VIII
627 2323 677 2376 361
708 2324 783 2374 ‘alii’
803 2323 859 2391 (sc.
882 2320 970 2372 dicunt
991 2315 1110 2383 carinas)
1136 2319 1223 2383 ‘quod
1243 2319 1294 2369 ibi’

179 2389 219 2457 (h.
231 2405 254 2440 e.
266 2391 292 2439 iu
302 2389 378 2439 lautis
388 2389 496 2456 carinis)
510 2390 615 2442 ‘Sabini
628 2394 728 2444 nobiles
741 2393 922 2452 habitauerint,
936 2405 1043 2455 quorum
1056 2404 1138 2456 genus
1151 2389 1258 2439 irridere
1271 2397 1296 2439 et

179 2460 293 2509 carInare
313 2458 420 2509 solebat.
453 2459 610 2513 Carinare
633 2472 717 2514 autem
740 2472 780 2514 est
798 2465 948 2514 obtrectare.
974 2461 1085 2510 Ennius:
1113 2457 1160 2524 [Vl
1179 2457 1212 2508 ir.
1236 2457 1295 2524 [11].

179 2529 256 2579 alibi:
279 2543 362 2593 neque
379 2530 434 2580 me’
456 2546 479 2580 e.
495 2547 519 2594 q.
535 2546 556 2580 s.
588 2533 635 2583 ilic
656 2534 764 2584 inseruit
784 2535 825 2584 ed.
845 2533 918 2597 Lips.
990 2531 1025 2580 IV
1045 2529 1133 2578 Cicero
1156 2528 1188 2578 (le
1207 2529 1261 2576 inu.
1284 2529 1295 2576 l

181 2596 224 2661 lo,
245 2597 280 2649 27
303 2597 427 2648 ‘historia
447 2607 486 2649 est
504 2609 577 2667 gesta
595 2617 635 2653 res
657 2604 688 2653 ab
704 2604 798 2653 aetatis
819 2610 921 2653 nostrae
943 2599 1067 2649 memoria
1085 2606 1197 2658 remota,
1227 2597 1296 2661 quod

179 2681 278 2735 genus:
305 2668 421 2733 Appius’
444 2684 467 2718 e.
489 2685 513 2732 q.
534 2685 555 2720 s.
592 2672 669 2722 Ennii
688 2687 793 2722 uersum
816 2673 857 2722 ed.
878 2671 951 2735 Lips.
971 2668 1076 2735 agnouit
1146 2669 1169 2718 V
1198 2665 1297 2717 Macro-

179 2737 238 2787 bius
257 2734 311 2787 Sat.
330 2739 367 2787 Vl
391 2738 403 2788 1
422 2751 449 2802 p.
472 2738 524 2790 560
542 2741 600 2790 Jau.
628 2742 848 2808 ‘quadripedante
866 2747 966 2806 putrem
984 2739 1069 2788 souitu
1091 2737 1174 2801 quatit
1200 2736 1298 2802 ungula

180 2820 307 2873 campum.
349 2805 431 2872 [hen.
456 2808 517 2868 VllI
538 2807 604 2874 596]
634 2813 731 2861 Ennius
754 2813 781 2860 in
802 2818 875 2861 sexto
900 2809 964 2859 ...'
1000 2809 1028 2857 lu
1049 2807 1158 2871 septimo
1180 2806 1297 2871 reposuit

179 2875 228 2927 Th.
243 2876 352 2942 llugius.
367 2876 413 2942 (in
428 2875 518 2927 XVll⁰
533 2877 586 2928 Sal.
603 2877 652 2931 hoc
666 2897 743 2932 uersu
759 2879 907 2946 praeposito
921 2878 945 2928 ei
958 2877 1002 2940 qui
1015 2876 1113 2926 eXVll
1126 2875 1218 2925 allatus
1232 2890 1298 2941 pau-

180 2946 233 2996 lum
244 2944 314 2996 inira
326 2947 396 3011 apud
406 2945 563 2998 Macrobium
578 2947 685 3016 legitur)
754 2952 790 3001 VI
808 2950 941 3013 Noniusp.
952 2946 1052 3006 151‚25
1068 2945 1297 3010 ‘portisculus

180 3016 286 3083 proprie
301 3023 340 3066 est
354 3014 468 3066 hortator
480 3019 621 3084 remigum,
641 3022 720 3072 idest
734 3021 778 3084 qui
796 3020 904 3071 eandem
918 3018 1041 3083 perticam
1055 3022 1136 3074 tenet,
1157 3030 1222 3078 quae
1234 3029 1295 3079 por-

179 3084 288 3135 tisculus
306 3086 414 3146 dicitur,
437 3101 487 3149 qua
505 3103 640 3139 excursum
654 3098 678 3141 et
691 3090 884 3141 exhortamenta
903 3087 1058 3136 moderatur.
1086 3083 1190 3150 Plautus
1204 3085 1297 3134 Asina-

180 3156 220 3205 ria
297 3155 395 3205 Ennius
415 3155 460 3205 lib.
475 3157 536 3207 VIIl
556 3158 686 3210 annalium
708 3161 763 3209 ...'
794 3159 909 3224 Septimo
928 3156 1034 3205 ascribit
1045 3154 1152 3204 Merula.
1185 3154 1223 3204 lle
1236 3168 1297 3219 por-

180 3224 273 3274 tisculo
287 3224 430 3290 disputabit
444 3224 587 3276 Gronouius
599 3226 706 3280 Obseru.
719 3230 755 3279 IV
768 3228 803 3280 26
816 3242 843 3293 p.
852 3225 992 3278 832Piatn.
1064 3224 1112 3273 Vll
1128 3223 1189 3272 Vlll
1206 3223 1297 3272 Festus

85 3350 91 3356 ,
181 3308 209 3360 p.
223 3291 324 3346 65611.
344 3297 483 3344 ‘tonsam
500 3296 597 3346 Ennius
610 3298 737 3365 siguificat
752 3313 867 3359 remum,
887 3296 956 3360 quod
974 3292 1048 3357 quasi
1065 3292 1200 3342 tondeatur
1217 3291 1296 3352 ferro,

6 4146 12 4159 .
50 4128 76 4150 w

10 4178 157 4291 staffile,

181 3377 240 3413 cum
259 3362 295 3412 ait
312 3362 331 3410 l.
351 3364 414 3412 VII:
439 3366 527 3429 poste'
547 3382 569 3415 e.
584 3382 609 3429 q.
624 3382 646 3417 s.
671 3370 760 3418 ‘item:
780 3367 860 3433 poue·
880 3382 903 3416 e.
925 3381 949 3428 q.
970 3379 991 3413 s.
1027 3361 1122 3411 Paulus
1139 3377 1166 3429 p.
1186 3361 1239 3414 357
1260 3361 1296 3411 M.

182 3434 294 3480 ‘tonsa
313 3446 414 3493 remus,
441 3434 509 3495 quod
530 3436 603 3497 quasi
622 3437 757 3488 tondeatur
775 3435 853 3488 ferro.
878 3435 990 3485 Ennius:
1015 3433 1097 3498 poue’
1122 3448 1145 3483 e.
1163 3449 1188 3496 q.
1203 3447 1240 3481 s..

225 3640 279 3697 m
299 3652 352 3693 nee
371 3652 415 3691 me
437 3653 496 3692 rem
514 3638 553 3694 II.
576 3638 721 3714 Itberpius.
743 3657 835 3718 neque
857 3659 901 3698 me
918 3642 1044 3698 Seruius.
1067 3640 1120 3696 sed
1140 3655 1232 3712 neque
1251 3654 1297 3694 me

184 3720 339 3780 salmom
359 3720 466 3777 merc.
487 3721 561 3782 Ptin.
581 3743 615 3797 p.
634 3729 696 3795 186,
717 3733 732 3785 1
820 3742 872 3782 nec
894 3727 977 3783 decet
994 3726 1066 3782 haec
1088 3742 1180 3781 mee.
1201 3740 1230 3780 e.
1251 3723 1296 3778 ch.

183 3805 408 3878 Lawmtwtts
419 3805 510 3879 Antip.
525 3826 560 3880 p.
576 3813 621 3869 69.
650 3810 693 3883 Cf.
710 3809 752 3867 M.
766 3809 906 3883 Hauptus
923 3810 1037 3868 Obserm.
1051 3812 1114 3866 crit.
1128 3826 1164 3883 p.
1177 3814 1212 3868 45

224 3897 277 3954 2³1
306 3890 420 3948 umidae
445 3889 522 3947 Med.
544 3909 569 3948 c.
603 3893 719 3951 humide
743 3895 850 3968 Amplic.
877 3894 949 3951 Par.
976 3893 1053 3952 Med.
1078 3911 1097 3950 o
1119 3895 1136 3950 b
1162 3893 1253 3966 deep.

225 3981 279 4038 232
299 3984 397 4034 tonsas
412 3981 475 4031 ante
491 3975 631 4034 Commod.
658 3986 769 4037 tusante
782 3980 854 4036 libri.
880 3988 1046 4052 tonsumque
1061 3978 1162 4036 Carrio
1177 3977 1295 4035 ΕΜΔ.

184 4059 206 4119 I
218 4066 263 4122 lo·
292 4069 403 4119 tonsam
420 4067 483 4117 ante
499 4061 625 4136 Scuquer
638 4065 718 4136 apud
729 4063 877 4121 Merulam.
899 4072 1009 4121 tonsam
1024 4070 1083 4120 arte
1099 4063 1212 4121 Masta

225 4150 279 4205 236
300 4147 398 4223 poste]
423 4146 462 4219 es.
489 4146 654 4205 Bitschelius
675 4148 751 4207 Mus.
774 4148 874 4220 philol.
906 4148 967 4206 VII
982 4151 1035 4208 667
1139 4153 1194 4210 166
1221 4148 1297 4204 exim

185 4230 293 4287 Festus.
323 4231 362 4304 cf.
381 4231 546 4290 Bitscbclc'us
564 4235 584 4289 1.
605 4235 623 4290 l.
642 4237 740 4307 pulit
762 4232 841 4292 VIII
852 4239 918 4302 158,
941 4234 1138 4292 mmmmm
1159 4234 1199 4291 acl
1209 4233 1296 4292 Lacr.
