2932 4942
609 342 850 412 aaatovtna
1226 322 1288 394 159

172 542 175 548 ·
206 484 217 498 ⁸
278 513 384 598 Quom
410 513 582 596 nostrast,
611 512 734 581 frustra
754 511 844 580 illum
863 511 940 579 dicit
962 512 1084 580 trustra
1102 510 1188 579 esse.

276 619 357 686 Natu
380 617 435 709 qui
458 638 496 685 se
517 614 668 684 lrdstrari
689 615 786 707 quem
807 615 949 683 frustras
969 615 1078 697 sentit,

206 731 246 791 35
276 721 341 805 Qui
361 719 540 833 frustratur
558 720 733 802 trustrast‚
760 719 791 786 si
811 718 866 786 ille
889 723 1026 788 nonest
1046 717 1177 786 frustra.

275 974 384 1043 Meum
407 974 473 1043 ndu
494 977 562 1060 est,
591 972 680 1042 acsi
703 971 755 1042 nte
779 970 870 1041 canis
893 969 1112 1041 memorderit.

712 1110 754 1180 lll

276 1225 496 1309 Quintilianus
519 1226 565 1295 lx
588 1234 618 1310 2,
643 1234 684 1296 36
713 1226 792 1295 ‘sed
820 1226 945 1296 formas
972 1245 1105 1318 quoque
1129 1221 1287 1313 fingimus

173 1350 275 1419 saepe
296 1334 331 1398 ut
351 1332 469 1400 sarnam
490 1329 679 1420 Vergilius,
708 1331 970 1421 utuoluptatent
992 1351 1031 1398 ac
1052 1327 1205 1396 uirtutem
1231 1377 1285 1393 ...

137 1421 142 1430 ’
172 1431 343 1516 Prodicus,
365 1439 399 1502 ut
412 1438 584 1503 mortern
600 1454 644 1502 ac
662 1432 802 1515 uitam,
819 1456 903 1526 quas
918 1432 1157 1503 contendentes
1171 1429 1288 1516 (con-

172 1537 411 1606 sentientes
432 1539 509 1606 Tur.
534 1536 648 1605 Arnbr.
672 1559 692 1605 a
710 1536 744 1626 b)
768 1537 799 1605 in
823 1542 937 1606 satura
958 1536 1056 1606 tradit
1075 1532 1221 1602 Ennius!

705 1670 754 1740 lV

276 1786 403 1857 Gellius
419 1789 446 1858 Π
463 1799 503 1860 29
533 1789 696 1873 ‘auicula‚
719 1788 837 1881 inquit'
858 1786 1064 1878 (Aesopus),
1089 1787 1157 1853 ‘est
1172 1806 1287 1875 parua,

173 1910 291 1958 nornen
315 1896 366 1960 est
386 1892 517 1962 cassita.
568 1891 703 1975 Habitat
728 1892 960 1983 nidulaturque
980 1890 1014 1958 in
1037 1888 1227 1979 segetibus,
1256 1887 1288 1955 id

173 1992 275 2061 ferme
294 1995 469 2086 temporis,
492 2000 528 2064 ut
551 1997 685 2087 appetat
706 1994 825 2063 messis
849 1993 948 2084 pullis
966 1992 1030 2061 iarn
1049 1991 1112 2060 iarn
1133 1991 1289 2082 pluman-

171 2095 270 2199 tibus.
311 2097 359 2166 Ea
380 2098 504 2168 cassita
527 2099 560 2167 in
582 2100 749 2168 sementes
770 2098 856 2167 torte
877 2098 1097 2189 congesserat
1114 2093 1290 2231 tempesti-

173 2296 235 2345 mini
255 2312 361 2347 nurnero
376 2307 490 2365 septem,
511 2315 617 2362 quorum
633 2301 718 2365 prima
732 2300 781 2350 luit
794 2298 921 2350 enarratio
934 2297 1025 2347 horum
1039 2311 1160 2346 uersuum
1175 2297 1289 2361 quisunt

103 2392 107 2402 ·
173 2366 197 2414 in
212 2368 305 2416 saturis
320 2366 406 2426 Quinti
420 2369 776 2436 Ennii’(saturisLugd.
791 2368 913 2436 Magliab.
931 2367 1139 2416 satirisceteri
1194 2368 1289 2431 quin-
1329 2398 1332 2407 ·

171 2436 278 2486 ttenui
295 2437 371 2487 Voss.
387 2437 503 2503 Thoan.)
526 2443 592 2489 ‘uno
612 2439 779 2490 multifariam
795 2440 874 2489 uerbo
895 2437 1051 2487 concinniter
1067 2437 1205 2502 implicati:
1226 2453 1289 2500 quo—

171 2520 227 2554 rum
248 2509 394 2572 exemplum
416 2509 465 2558 hoc
486 2517 537 2559 est:
561 2524 621 2558 nam
639 2511 695 2573 qui’
722 2526 745 2559 e.
764 2526 789 2572 q.
806 2525 827 2558 s.
901 2509 923 2557 ll
943 2505 1041 2556 Gellius
1056 2505 1136 2556 vlle
1156 2509 1288 2572 ‘popooci⁹

171 2578 328 2627 momordi
430 2578 482 2629 Sed
500 2578 528 2638 Q.
552 2581 649 2629 Ennius
671 2581 697 2629 iu
719 2579 825 2630 saturis'
856 2579 907 2644 (in
929 2577 1045 2626 satiris
1063 2577 1132 2625 suis
1153 2575 1288 2640 Rottend.)

172 2647 399 2697 ‘mernorderit
419 2648 485 2697 dixit
501 2664 547 2713 per
566 2666 579 2699 e
596 2649 721 2708 litteram,
743 2647 986 2698 nonmomorderit’
1007 2646 1287 2711 (momordederit

102 2734 106 2743 '
171 2733 244 2798 Par.)
261 2736 394 2797 ‘Meum,
417 2739 521 2801 inquit,’
541 2716 727 2806 (incidPar.)
741 2745 819 2789 ‘nou
836 2740 896 2789 est’
912 2751 972 2798 eq.
986 2751 1007 2784 s.
1036 2735 1288 2801 Noniusp.14⁰‚‘25

173 2805 357 2866 ‘memordi‚
382 2809 490 2873 peposci
573 2810 599 2858 in
617 2810 748 2860 ueteribus
768 2809 834 2858 lecta
853 2815 912 2857 suot
934 2841 1006 2855 ....
1027 2805 1138 2854 Ennius:
1165 2820 1215 2855 non
1236 2808 1286 2856 est·

171 2889 194 2921 e.
217 2889 242 2935 q.
262 2890 284 2923 s.

172 3001 376 3012 1—-n-—„..

170 3078 199 3132 in
214 3078 307 3132 Plauti
320 3079 457 3150 Amphitr.
477 3087 534 3140 et
619 3085 707 3152 ffleq.
731 3080 858 3134 frustrati
880 3073 929 3137 qut
945 3071 1070 3122 frustrari.
1089 3092 1171 3147 quern
1187 3078 1288 3132 trustra

172 3179 234 3215 oorn
252 3162 319 3217 dicit
340 3164 418 3219 Voss.
503 3169 539 3225 33
556 3182 640 3237 quoru
657 3165 797 3231 trustrast]
813 3180 895 3235 quern
913 3167 1058 3220 frustratur
1072 3163 1200 3234 plerique
1214 3162 1285 3216 tiore.

172 3249 216 3338 trin
232 3271 378 3325 frustratur
389 3271 477 3342 Lupct.
550 3267 638 3345 illurn]
650 3287 712 3325 euin
725 3270 789 3326 titre
872 3275 908 3330 33
921 3271 1050 3324 trustrast
1061 3298 1103 3307 —-
1114 3271 1150 3327 st
1162 3269 1285 3323 frustrari

172 3369 254 3422 quoru
270 3371 323 3408 om.
340 3355 410 3428 nep.
496 3354 690 3413 atsosettom
765 3356 881 3410 frustras
897 3355 939 3423 (lt.
951 3370 973 3408 e.
987 3355 1133 3421 frustrans,
1145 3352 1184 3424 cs.
1200 3352 1285 3426 Troy.

173 3442 237 3503 152)
254 3440 336 3494 sentit
348 3439 479 3512 Maptiob.
497 3441 689 3518 frustrassem.
704 3439 732 3495 id
744 3439 814 3513 Rep.
834 3441 1016 3496 frustrassent
1032 3439 1060 3494 id
1072 3438 1159 3510 Lupd.
1178 3437 1285 3498 lituum.

173 3523 291 3579 trustras
307 3527 378 3579 senti
401 3525 479 3580 Voss.
502 3527 603 3581 trustra
620 3527 702 3581 sentit
716 3527 798 3598 uutpo
884 3531 919 3585 35
942 3527 1090 3580 frustratur
1111 3525 1136 3578 is
1157 3525 1285 3583 trustrast

171 3606 260 3679 Lapat.
271 3607 402 3681 Mopliob.
418 3611 564 3666 frustratur
580 3610 604 3666 is
622 3611 723 3666 trustra
737 3617 780 3666 est
793 3613 879 3666 ceteri
888 3612 952 3667 libri
1036 3611 1060 3666 si
1074 3611 1201 3684 plerique
1215 3612 1285 3668 idm.

172 3709 197 3764 s3
210 3693 282 3761 (tte.
294 3699 350 3764 set)
359 3695 440 3768 Κεφ,
453 3696 662 3766 ονηΛοίάαῖὴιε,
676 3686 897 3753 &Her-mannas
904 3697 992 3752 Elem.
1004 3695 1093 3752 doctr.
1104 3701 1184 3750 metr.
1192 3704 1286 3768 p‚453

170 3802 219 3871 qni
231 3803 367 3858 trimetros
381 3778 534 3858 trochoicos
544 3804 651 3860 mauult
728 3820 785 3858 nou
800 3805 846 3859 ille
864 3803 929 3858 titre
1005 3809 1048 3857 ost
1065 3780 1177 3857 trustral
1189 3803 1285 3876 Lupd„

170 3887 220 3941 sert
231 3894 296 3942 noto
311 3891 339 3943 in
351 3890 477 3960 marpine
491 3891 604 3961 appicta
617 3906 673 3961 quo
688 3889 762 3945 istud
771 3891 876 3961 corripi
888 3888 995 3944 tutetur
1081 3886 1123 3959 Os.
1137 3887 1170 3941 de
1185 3889 1285 3943 easdem

170 3973 295 4028 uersibus
303 3972 429 4030 Muretus
441 3975 519 4047 opud
524 3975 705 4031 (laetationem
720 3973 786 4029 Ver.
797 3973 871 4029 lect.
879 3990 902 4027 c.
910 3978 945 4031 23
956 3972 1049 4042 (Grut.
1058 3969 1156 4042 Lamp.
1164 3971 1285 4039 Waao)

213 4093 249 4147 36
271 4109 363 4147 rncnm
385 4110 438 4148 om.
456 4092 560 4148 Nonius
620 4162 627 4170 ⁸
646 4109 679 4148 ac
696 4093 717 4146 si
736 4108 778 4145 ute
794 4092 864 4146 Par.
890 4090 949 4144 Vct.
967 4057 1066 4144 aisirno
1079 4087 1205 4141 Rottend.
1220 4089 1283 4142 atsi

172 4189 216 4225 rne
231 4179 315 4230 ceteri
328 4177 414 4232 Gellii.
429 4183 458 4231 ut
477 4177 500 4231 si
516 4193 560 4230 nte
576 4176 682 4232 Nonius
767 4179 845 4230 oanis
861 4191 915 4228 non
931 4180 1005 4229 certo
1023 4177 1144 4243 npporet
1158 4174 1187 4226 in
1212 4172 1284 4239 Vm,

168 4256 256 4328 pouit
269 4259 406 4315 micatus
422 4274 482 4315 eme
