2932 4942
199 329 261 395 118
547 340 555 353 '
581 333 935 392 TRAGOBDIARVM

216 517 279 578 230
308 507 390 577 llum
408 504 554 598 opulenti
574 506 648 574 edm
671 504 825 574 loouniur
842 503 965 594 pdriier
987 509 1087 595 atque
1106 456 1281 595 ignobiles

303 609 435 681 'Eadem
454 610 541 681 diota
555 608 738 701 eodemque
754 607 862 678 ornlio
880 608 990 699 sequa
1011 629 1077 678 nou
1094 608 1203 700 neque
1220 610 1320 677 ualet

742 740 776 811 V

412 919 420 934 .
598 917 606 932 .
659 861 813 932 miserete
836 826 948 930 anuis':

412 968 495 1038 Date
514 969 656 1053 ferrum,
684 965 740 1059 qui
763 986 816 1035 ne
835 965 946 1034 animi
965 964 1109 1055 priuem!

722 1098 801 1171 vt*
849 1089 852 1092 Α

307 1220 482 1313 Extemplo
505 1225 673 1312 acceptam
692 1220 746 1291 me
767 1224 885 1291 necato
907 1221 940 1287 et
960 1217 1072 1287 liliam.

724 1355 787 1427 Vll

219 1486 281 1549 235
309 1476 422 1547 Senex
456 1497 547 1547 sum:
587 1475 710 1587 utinpm
743 1478 882 1546 mortem
908 1471 1090 1643 fibl’sspw
1128 1474 1321 1566 priusquam

900 1597 1030 1659 euenn,

309 1681 406 1766 Quod
425 1682 457 1752 in
475 1681 634 1774 pauperie
654 1682 729 1752 med
745 1703 852 1751 senex
874 1679 1024 1772 grauiter
1041 1678 1189 1772 gemam!

710 1816 787 1888 VH]
800 1816 815 1852 4

308 1933 449 2004 Nimium
468 1934 544 2004 boni
563 1939 629 2020 est,
658 1935 710 2005 oui
731 1933 776 2005 nii
800 1938 851 2004 est
875 1932 920 2025 [in
942 1929 1039 2022 diem]
1064 1928 1150 2000 moli.

743 2070 789 2140 lx

310 2185 398 2255 Vide
415 2185 520 2272 hunc,
544 2209 638 2258 meae
657 2188 690 2258 in
712 2209 811 2281 quem
831 2187 998 2256 ldorumae
1016 2184 1169 2276 gullulim
1189 2184 1323 2253 cadunt,

207 2384 293 2435 uerbis
312 2384 438 2435 sententia
450 2384 575 2437 breuitate
595 2388 709 2454 insigues
727 2387 907 2450 inlustresque.
942 2385 1045 2436 Hecuba
1062 2392 1101 2436 est
1114 2384 1147 2434 nd
1161 2385 1264 2434 Vlixem
1285 2386 1324 2435 di-

206 2469 266 2504 cens
280 2445 311 2502 τὰ
328 2445 357 2502 δ’
372 2443 497 2519 oieloopot'
518 2473 540 2505 o.
557 2473 582 2520 q.
598 2473 620 2507 s.
640 2455 822 2523 [otis—2951.
842 2457 910 2506 ‘Hos
922 2471 1013 2506 uersus
1027 2455 1057 2515 Q.
1071 2455 1178 2514 Ennius,
1196 2470 1253 2504 oum
1267 2464 1325 2505 eum

206 2524 365 2591 tragoediam
384 2532 507 2585 uerteret,
533 2540 582 2576 non
603 2542 665 2578 sone
686 2528 847 2578 inoommode
864 2526 1006 2576 aemulatus
1028 2530 1081 2575 est:
1107 2526 1204 2575 Versus
1217 2526 1324 2575 totidem

207 2593 315 2646 Enniani
334 2593 360 2644 lrl
378 2605 449 2644 suut:
474 2594 552 2645 hooo'
576 2611 599 2646 e.
615 2612 639 2659 q.
657 2612 679 2646 s.
718 2596 814 2657 ‘Bene‚
840 2597 915 2646 siouti
936 2596 1006 2655 dixi,
1034 2595 1146 2646 Ennius:
1173 2595 1219 2644 sed
1239 2602 1325 2644 tumen

207 2661 374 2731 ignobiles
397 2653 462 2713 ἀντὶ
481 2654 666 2726 ἀδοξούντων
687 2674 712 2716 et
734 2666 883 2732 opulenti
903 2654 968 2714 ἀντὶ
984 2655 1148 2715 δοκούντων
1162 2664 1224 2714 setis
1239 2663 1326 2715 fucere

206 2732 347 2785 sententiae
359 2746 408 2783 uon
423 2733 537 2785 uidetur:
562 2750 715 2800 unioneque
730 2751 818 2787 omnes
835 2735 963 2803 ignobiles
982 2723 1120 2796 ἀδοξοῦσι
1134 2749 1217 2798 neque
1236 2749 1326 2784 omues

207 2801 321 2870 opulenti
335 2791 503 2863 νδδοξοῦοι.’
575 2808 597 2856 V
616 2805 713 2857 Nonius
726 2804 863 2872 portati
880 2806 1053 2855 ‘miserete
1065 2805 1162 2855 Ennius
1174 2804 1262 2854 Eoubn
1277 2806 1324 2854 ...⁸

277 2873 312 2922 Vl
339 2874 420 2923 Verro
437 2875 470 2925 de
483 2874 512 2924 L.
529 2874 558 2925 L.
581 2877 629 2925 Vll
651 2874 683 2928 13
696 2875 730 2925 Μ.
751 2877 844 2929 ‘etism
863 2875 978 2924 indidem
996 2874 1062 2924 illud
1076 2875 1154 2924 Enni:
1180 2874 1324 2941 extemplo'

207 2958 231 2994 e.
244 2958 268 3006 q.
284 2958 306 2994 s.
328 2942 508 3011 ‘extemplo
527 2945 595 2996 enim
614 2954 652 2996 ost
671 2946 807 2997 continuo!
835 2945 933 3011 (Enni
948 2943 1072 3010 Scaliger.
1089 2945 1170 2993 enim
1182 2941 1255 3007 libri)
1275 2944 1326 2994 lle-

207 3012 288 3063 ouboe
304 3011 411 3064 Bothius
435 3014 576 3066 uindicauit
595 3016 661 3066 conl.
688 3015 747 3066 Eur.
773 3016 833 3067 ileo.
858 3012 909 3068 387
981 3015 1029 3064 Vll
1057 3013 1154 3063 Nonius
1177 3028 1203 3079 p.
1222 3012 1288 3074 tue,
1310 3013 1324 3064 l

208 3083 400 3150 ‘pauperies
415 3098 463 3150 pro
480 3094 640 3151 paupertate.
669 3086 766 3136 Ennius
780 3084 885 3135 Hecuba
900 3085 952 3132 ...’
983 3082 1054 3134 Idem
1070 3099 1097 3149 p.
1113 3084 1173 3142 507,
1187 3082 1219 3132 18
1238 3087 1326 3134 ‘eue-

207 3160 260 3202 nnt
278 3167 324 3219 pro
338 3153 448 3204 eueniet.
474 3155 572 3206 Ennius
588 3156 693 3207 Heoubo
710 3156 761 3204 ...'
788 3152 1086 3220 (HaeoubsBamb.)
1156 3153 1218 3202 Vlll
1236 3152 1326 3204 Gioero

207 3221 295 3272 dedu.
310 3221 369 3274 bon.
385 3224 482 3274 etmel.
499 3224 577 3286 1113,
592 3225 624 3276 tl
643 3230 707 3276 ‘non
722 3225 800 3285 enirn,
819 3224 841 3274 si
854 3223 950 3273 molum
964 3231 1003 3273 est
1015 3222 1097 3285 dolor,
1113 3238 1199 3273 oarero
1212 3238 1242 3273 eo
1255 3222 1325 3273 molo

207 3292 269 3343 sotis
288 3299 327 3343 ost
346 3291 379 3342 ed
397 3292 462 3344 bene
479 3295 628 3347 uiuendum.
656 3296 709 3346 lloo
727 3294 822 3345 dixerit
842 3293 929 3360 potius
947 3294 1061 3343 Ennius:
1083 3293 1203 3343 nimium'
1223 3309 1246 3343 e.
1261 3309 1286 3356 q.
1301 3308 1324 3342 s.
1367 3300 1372 3305 ’

208 3360 247 3411 Ol.
263 3361 291 3410 P.
307 3360 364 3426 Syr.
389 3360 495 3414 rosor.
529 3365 583 3415 Huc
604 3364 700 3415 rettulit
721 3365 834 3414 Muretus
853 3365 915 3412 Ver.
935 3363 1005 3413 Leot.
1027 3364 1050 3413 V
1070 3361 1102 3414 13
1173 3362 1210 3413 IX
1227 3362 1326 3413 Nonius

249 3566 302 3622 280
332 3579 397 3619 oum
427 3565 552 3636 opulenti
580 3565 659 3622 Grut.
746 3568 874 3624 locuntur
900 3567 1025 3639 Froneq.
1054 3567 1144 3624 Beru.
1176 3568 1327 3638 loquuntur

207 3648 288 3721 uulpo
372 3651 424 3708 231
449 3649 538 3705 oratio
562 3665 614 3705 om.
639 3650 718 3708 (ἕνον.
804 3655 857 3711 232
880 3652 962 3708 anuis
980 3651 1106 3726 Scotper
1121 3651 1197 3710 Geni.
1212 3669 1247 3723 p.
1264 3655 1326 3712 164.
1438 3670 1443 3687 “

209 3748 309 3791 monus
332 3732 395 3789 libri
478 3737 531 3793 234
555 3741 699 3806 uoooptam
720 3735 847 3805 Vossius,
864 3738 1048 3810 praelaturus
1063 3743 1154 3793 tamen
1175 3743 1326 3808 arreptam.

210 3822 357 3889 occeptum
384 3817 448 3874 tion·
532 3824 630 3874 necato
654 3819 791 3894 Sools'per.
815 3828 917 3894 negato
938 3822 1002 3878 libri
1035 3885 1036 3889 ,
1087 3822 1172 3878 liliam
1199 3820 1326 3877 Βοίδιον.

207 3903 294 3961 illium
307 3902 370 3960 δίδη·
452 3907 505 3963 sot
524 3903 628 3961 utinam
640 3906 745 3961 morior
758 3913 876 3962 mortem
887 3912 1018 3979 oppetam
1035 3912 1200 3978 (oppoeum
1212 3906 1327 3974 Bomi.)

207 3987 271 4048 tort
280 4004 312 4061 p.
328 3991 381 4050 494
459 3988 665 4061 obpetemlibrt'
674 3991 765 4061 poti
844 3992 971 4063 priquam
989 3992 1028 4048 W
1036 3993 1129 4063 psol
1215 3992 1329 4047 eueniet

207 4074 270 4131 tori
291 4091 323 4146 p.
350 4077 403 4136 tor
488 4077 541 4134 236
568 4073 596 4129 in
618 4075 785 4146 pauperiem
808 4093 897 4131 senex
918 4076 1017 4132 Bomb.
1034 4094 1068 4149 p.
1082 4080 1137 4135 494
1220 4077 1273 4135 237
1288 4077 1327 4131 nil

207 4157 411 4217 Fleckeiseuus.
428 4158 497 4215 nihil
509 4159 572 4215 libri
656 4160 685 4214 in
698 4159 774 4216 diem
792 4160 824 4217 0.
832 4160 996 4218 Ribieokt'us
1009 4162 1080 4216 conl.
1093 4161 1165 4216 Eur.
1178 4159 1248 4216 Hoc.
1263 4163 1327 4228 dii,

207 4260 260 4300 ont.
275 4242 339 4299 tori
420 4249 473 4304 238
487 4244 561 4301 huno
576 4244 732 4303 Mercerus.
747 4243 812 4301 hino
828 4247 892 4302 iibri
974 4261 1057 4316 quem
1068 4244 1225 4303 Maceror.
1242 4262 1327 4318 quom
