2932 4942
168 346 307 395 cxxvns
572 336 882 405 QVAESTIONES

167 506 387 578 serumserum,
409 505 517 559 homine
539 506 723 561 inimicissimo
742 510 772 561 in
791 524 890 578 cumpo
904 510 993 562 statim
1010 507 1092 561 rediit
1103 509 1131 561 iu
1146 510 1275 579 pretium,

167 622 198 670 ut
215 627 357 669 corumuuc
375 610 497 682 officium
512 626 648 666 censurae
668 616 805 669 cummuni
821 616 913 667 uuimo
935 629 970 667 uc
987 614 1125 667 4441444444
1145 614 1276 684 desende-

168 713 252 776 reut?
276 715 408 791 Adparet
430 714 505 771 cuim
527 732 544 772 a
566 711 711 773 Cicerone
736 714 792 773 dici
815 713 898 773 Ennii
917 712 1056 789 annales,
1080 731 1165 791 quem
1188 717 1273 773 etiam

168 824 236 884 alihi
265 836 402 881 summum
433 826 548 897 poetam
575 822 739 879 nominauit.
792 819 862 879 Rem
892 822 983 898 ipsam
1006 828 1102 878 autem
1132 838 1157 879 a.
1189 840 1218 878 u.
1248 840 1274 879 c.

168 930 229 989 573
255 929 399 987 accidisse
428 925 498 984 Liuii
527 924 670 985 benelicic
694 925 743 984 Xh
769 927 810 987 46
832 935 954 984 constat.
1000 926 1045 984 De
1075 925 1205 1002 reliquiis
1227 927 1276 983 uix

169 1037 320 1112 quicquam
344 1033 524 1091 confidenter
547 1033 697 1092 adfirmes:
725 1049 844 1108 quarum
869 1049 981 1109 paucae
1003 1030 1117 1109 (l-V)
1145 1049 1161 1089 e
1184 1029 1276 1088 Fuluii

168 1139 267 1200 Flacci
287 1139 375 1198 rebus
399 1155 469 1215 quas
494 1139 552 1197 illis
574 1140 654 1198 annis
674 1148 775 1197 contra
798 1136 965 1197 Celtiberos
986 1137 1080 1214 gessit
1107 1137 1277 1213 desumptae

169 1264 237 1304 esse
267 1254 398 1324 possunt.
444 1242 489 1302 Cf.
512 1244 608 1304 Liuius
631 1243 681 1303 Xh
705 1245 755 1304 39.
779 1245 830 1303 40.

254 1350 292 1408 ht
306 1350 351 1409 ‚de
374 1352 442 1409 crisi
466 1368 600 1409 uersuum
616 1348 677 1409 426
693 1368 737 1427 sq.
759 1349 807 1407 hic
825 1348 964 1426 quaedam
988 1349 1117 1408 adiciam.
1147 1348 1277 1421 Quorum

169 1459 362 1535 posteriorem
375 1458 497 1535 ascripsi
513 1475 598 1535 quem
611 1455 762 1514 admodum
775 1454 946 1514 Theodorus
959 1455 1102 1532 Berghius
1114 1457 1142 1513 in
1155 1472 1277 1514 censura

169 1562 248 1622 Festi
262 1561 443 1622 Miselleriani
456 1562 594 1640 (Ephem.
627 1562 679 1620 litt.
693 1562 757 1621 Hal.
773 1580 798 1620 a.
819 1560 938 1620 184211
953 1560 1031 1639 234)
1045 1561 1223 1621 emendauit:
1239 1562 1276 1620 de

169 1671 263 1729 altero
278 1671 454 1728 sentionunc
470 1687 556 1742 secus
572 1677 659 1745 atque
674 1669 743 1727 olim
759 1687 823 1728 cum
837 1668 998 1745 fragmenta
1015 1669 1186 1746 perscripsi.
1209 1667 1276 1740 Quo

170 1793 255 1835 uersu
272 1776 329 1835 diro
344 1778 522 1852 grammatici
545 1785 670 1850 utuntur,
693 1772 879 1850 Philargyrus
903 1776 930 1833 in
946 1773 1053 1851 Georg.
1077 1772 1117 1834 tv
1135 1773 1204 1850 188,
1229 1775 1277 1852 qui

169 1890 259 1941 totum
281 1883 471 1958 fragmentum
493 1882 638 1941 exhibuit:
675 1892 859 1957 conpescunt
873 1900 1000 1940 mirscure
1028 1885 1092 1941 boui
1112 1890 1160 1958 qui
1169 1886 1276 1958 sactum

168 1993 262 2047 tutore
281 1996 360 2048 enias
378 1996 500 2048 trititiam
520 2007 673 2064 peperere,
695 1997 725 2046 et
743 1986 823 2046 Festi
845 1985 994 2046 breuiator
1015 2006 1044 2065 p.
1068 1989 1125 2048 144
1147 1988 1202 2048 lt:
1222 2009 1276 2047 rrou

169 2100 245 2154 (tecet
271 2115 398 2154 44444444
419 2100 511 2154 boues.
547 2094 627 2154 Nam
648 2092 706 2151 hoc
728 2094 880 2153 frustulum
902 2112 959 2153 non
989 2096 1201 2173 segregandum
1232 2105 1277 2155 est
1371 2141 1374 2145 .

170 2223 185 2263 a
209 2202 341 2263 uersibus
365 2200 540 2277 Philargyri:
571 2200 700 2259 editores
723 2199 838 2278 quidem
860 2201 930 2260 illud
961 2211 1103 2279 tamquam
1129 2202 1277 2279 proprium

170 2304 252 2364 Ennii
276 2307 466 2383 fragmentum
488 2316 653 2385 recensent,
673 2310 718 2364 hic
740 2308 921 2383 pronomine,
946 2325 982 2365 44
997 2325 1132 2367 numerus
1154 2308 1276 2382 labatur,

169 2413 294 2471 inserto:
318 2434 373 2472 riou
395 2417 472 2470 decet
484 2418 529 2471 444
542 2437 578 2473 m.
594 2419 619 2472 4.
652 2413 734 2486 Quos
756 2411 914 2471 Muellerus
936 2416 1082 2491 uituperat
1101 2415 1137 2474 ad
1159 2412 1276 2473 Festum

170 2536 198 2596 p.
228 2516 288 2577 384
327 2527 356 2575 44
390 2492 544 2592 Berghius
596 2516 679 2591 Qut-
687 2520 834 2597 pristinam
865 2520 927 2577 eius
960 2538 1065 2578 uersus
1098 2522 1228 2599 speciem
1261 2536 1278 2578 a

169 2622 258 2682 Paulo
282 2622 354 2682 tradi
377 2622 517 2698 adfirmat,
542 2640 627 2703 quam
647 2625 802 2703 antiquitus
822 2627 1027 2702 grammaticus
1045 2626 1170 2703 quidam,
1188 2644 1225 2684 ne
1249 2628 1278 2684 iu

168 2729 339 2788 hexametro
362 2728 519 2788 trochaeus
543 2730 684 2806 offendat,
708 2733 910 2810 intempestiue
933 2732 1094 2792 mutauerit.
1140 2731 1212 2790 Nam
1235 2731 1277 2789 le-

168 2836 297 2912 gitimum
324 2852 392 2893 esse
421 2836 503 2912 primi
538 2836 622 2914 pedis
649 2837 835 2912 trochaeum,
866 2857 952 2916 quem
984 2838 1093 2898 Ennius
1122 2834 1278 2917 Homerum

169 2945 293 3002 imitatus
319 2958 376 2999 non
404 2957 470 2999 raro
497 2940 526 2998 in
554 2959 624 3000 suos
647 2943 834 3003 hexametros
855 2944 1011 3003 admiserit.
1056 2943 1095 3002 dt
1118 2944 1147 3003 id
1170 2943 1277 3004 uellem

168 3049 312 3126 Berghius
334 3044 509 3106 certioribus
538 3064 622 3124 quam
651 3048 754 3126 quihus
782 3067 851 3107 usus
878 3059 924 3108 est
951 3048 1094 3126 exemplis
1123 3049 1275 3109 firmasset.

167 3153 282 3213 Etenim
304 3153 381 3231 quod
410 3152 484 3211 hunc
505 3171 622 3213 uersum
650 3156 784 3215 asciscit:
809 3160 906 3214 4444ιὶ4
922 3173 984 3213 4444
1003 3174 1108 3214 mecerm
1129 3161 1279 3215 decernere

166 3264 247 3335 ferro
272 3259 314 3336 (ll
336 3259 371 3316 ir.
393 3257 460 3337 XI),
482 3259 624 3319 refutatur
640 3259 675 3319 ab
699 3278 736 3318 eo
759 3261 805 3318 cui
827 3260 968 3319 debemus
993 3258 1183 3336 fragmentum
1200 3262 1276 3321 Pris-

169 3367 252 3423 ciano
275 3364 303 3422 X
324 3382 352 3442 p.
374 3364 435 3424 822
457 3366 488 3424 Ρ.
508 3365 521 3424 Ι
539 3384 567 3443 p.
586 3364 648 3424 480
670 3365 732 3441 lin,
755 3369 803 3444 qui
827 3383 863 3424 eo
880 3362 1018 3441 exemplo
1043 3369 1275 3426 ‘uetustissimos

143 3453 255 3529 ‘etiam
271 3471 445 3548 produxisse
460 3470 658 3548 perfectorum
679 3470 706 3527 in
728 3477 757 3529 ui
777 3471 968 3529 desinentium
987 3473 1185 3548 penultimam’
1209 3491 1278 3532 con·

170 3578 270 3635 firmat.
317 3574 361 3634 lle
390 3574 482 3634 altero
506 3583 601 3632 autem
623 3591 711 3633 uersu
737 3580 872 3636 Taresuni
893 3594 997 3651 corpus
1017 3580 1088 3637 bonu
1107 3583 1214 3654 sesninc
1237 3585 1279 3638 tu-

168 3689 208 3742 444
227 3693 254 3740 44
273 3686 355 3739 urreis
374 3679 429 3759 (ΙΙΙ
452 3679 486 3738 ir.
511 3676 594 3758 Vlll)
619 3679 687 3738 olim
709 3681 888 3741 intellectum
915 3689 963 3739 444
978 3697 1035 3739 444
1059 3673 1204 3754 Tarquinii
1223 3698 1279 3738 nec

170 3788 247 3866 quod
284 3786 428 3862 Berghius
465 3785 557 3844 uoluit
587 3790 723 3861 Tarquini
753 3788 806 3847 sed
843 3792 978 3846 Turcuim'
1001 3785 1154 3864 probatam
1185 3784 1279 3859 Ennio

169 3893 289 3952 formam
310 3909 387 3950 esse.
419 3891 553 3970 lienique
576 3892 690 3951 tertium
711 3892 888 3952 uersiculum
909 3893 1011 3951 nescio
1036 3910 1092 3969 qua
1107 3893 1279 3951 auctoritate

169 3996 313 4073 Berghius
341 3997 378 4055 ita
412 3999 559 4072 citauerit,
593 4003 717 4073 repletur
738 4001 873 4056 imbrium
900 4003 1029 4074 fremitu.-
1057 3996 1179 4056 Seruius
1205 3998 1279 4054 enim

171 4120 256 4179 quem
285 4102 334 4160 ille
363 4109 512 4162 auctorem
538 4102 665 4162 laudauit
694 4104 738 4181 (in
762 4103 870 4178 Georg.
898 4102 910 4161 l
936 4101 988 4173 12)
1011 4102 1049 4160 ita
1073 4102 1181 4160 refert:
1211 4118 1281 4176 uper

170 4214 293 4282 oppletum
314 4213 439 4268 imbrium
456 4213 584 4284 srerrritu:
620 4227 694 4287 quae
713 4226 798 4267 nemo
821 4207 963 4273 annalium
990 4225 1060 4266 esse
1082 4215 1206 4265 testatur
1224 4223 1280 4263 nec
