2932 4942
642 315 808 373 ΕΝΝΙΑΝ
816 315 873 371 ΑΕ
1184 321 1283 369 XXXV

171 484 236 542 dam
260 480 342 541 Fabii
366 481 490 541 Pictoris
510 500 596 559 quam
618 480 778 554 Dionysius
803 479 896 538 llalic.
921 477 1018 557 Antiq.
1043 479 1126 539 Rom.
1149 477 1223 537 179
1252 496 1280 557 p.

170 587 230 647 203
255 586 355 646 Reisk.
385 587 478 647 refert
501 589 694 647 narrationem
721 602 917 665 componere:
947 575 1091 665 ἐγγυτέρω
1123 583 1282 662 προσίεσαν

173 684 284 771 ἁθρόοι
306 687 501 771 δεδιττόμενοι
519 694 576 774 βοῇ
590 683 622 752 ιδ
644 693 763 771 θηρίον.
792 680 1055 769 pastinacam}
1075 683 1154 766 μάλα
1165 683 1279 768 ἆμριαί-
1352 697 1360 705 “

170 816 263 858 aaaron
281 801 341 858 τῶν
357 788 531 878 ἀνθρώπων
547 802 584 880 τῇ
605 792 754 883 προσόδῳ,
775 788 837 859 ἀλλ’
861 789 957 876 ὥσπερ
973 788 1013 855 δν
1024 790 1190 876 χειροήθης,
1205 786 1280 856 διτο-

169 907 262 965 στᾶσιι
284 907 344 964 τῶν
352 906 473 984 βρεφῶν
486 895 589 984 ἠρέμα,
606 903 657 965 καί
675 896 750 964 κατὰ
766 895 879 982 πολλὴν
891 893 1015 981 ἆλογίοιν
1036 907 1089 962 τοῦ
1107 903 1282 980 ποιμενικοῦ

168 1003 272 1088 ὁμίλου
295 1001 393 1094 clupea.
415 1010 465 1071 καὶ
480 996 521 1090 ἦν
535 1008 593 1091 γάρ
614 1034 657 1083 τις
679 1003 715 1071 οὗ
736 1003 813 1071 πολὺ
826 1001 945 1088 ἀντέχων
965 1003 1042 1088 ἱερὸς
1058 1012 1150 1089 χῶρος
1166 1027 1192 1067 e.
1210 1027 1239 1087 q.
1254 1027 1278 1067 s.

169 1117 254 1177 Pueri
289 1136 306 1176 a
333 1115 472 1176 Faustulo
500 1119 614 1195 recepti
645 1118 804 1177 educantur
835 1119 909 1176 inter
941 1125 1093 1194 pastores:
1123 1116 1280 1175 certamina

169 1224 336 1281 Instituunt:
367 1221 425 1282 hoc
456 1223 530 1281 enirn
560 1222 702 1282 indicatur
728 1223 764 1283 ir.
791 1222 854 1283 LIV
886 1223 964 1284 conl.
997 1222 1101 1283 Ouidio
1137 1222 1216 1283 Fast.
1254 1221 1280 1282 Il

170 1330 231 1390 365
261 1334 396 1389 Romulus
430 1339 457 1387 et
472 1332 577 1403 frater
608 1335 816 1405 pastoraleque
842 1337 968 1390 iuuentus
996 1333 1103 1390 Solitas
1129 1339 1156 1388 et
1183 1348 1282 1403 cumpo

169 1457 292 1513 corporo
313 1439 391 1495 nuda
411 1437 523 1492 dadoni.
569 1439 710 1494 (localibus
734 1445 760 1493 et
786 1442 884 1496 iacala's
913 1447 940 1496 ct
965 1443 1048 1495 misso
1070 1439 1198 1510 pondere
1216 1440 1284 1492 saxi

172 1547 314 1602 Bracchia
337 1560 393 1615 par
424 1545 501 1598 laetas
528 1545 700 1614 experienda
730 1544 844 1599 dabant.
895 1541 992 1619 Atque
1026 1541 1100 1601 haec
1133 1549 1281 1618 postrema

171 1647 365 1707 consideranti
389 1661 447 1703 non
468 1645 567 1721 Inepte
589 1643 693 1703 uideor
719 1646 858 1705 conicere
883 1645 940 1706 hnc
964 1649 1112 1725 perticere
1143 1666 1158 1706 a
1185 1646 1280 1706 Nonio

172 1771 200 1829 p.
225 1751 297 1825 211,
321 1750 488 1809 8seruatos
510 1748 674 1808 uersiculos
687 1761 761 1810 tanta
782 1755 906 1811 molatae
923 1757 1137 1828 caat—Auamma
1157 1762 1222 1812 tanc
1240 1757 1281 1810 la-

167 1862 250 1932 pidea
273 1857 346 1933 (inc.
371 1855 434 1914 sed.
460 1851 633 1931 LXXVIII).
864 1843 868 1850 ’

257 1938 414 2022 latrones¹
434 1960 544 2038 praeda
579 1969 700 2019 onustos
728 1963 935 2039 adgrediuntur
966 1963 1065 2044 (LV):
1104 1982 1189 2043 qoam
1220 1980 1281 2022 rem

171 2067 278 2142 tangit,
310 2067 363 2126 sed
390 2068 428 2126 ita
457 2076 487 2125 ut
517 2067 668 2147 discrepet
689 2086 747 2127 non
770 2068 838 2129 nihil
867 2070 904 2130 ab
932 2070 1043 2146 Ennio,
1073 2068 1192 2130 Ouidius
1215 2068 1234 2127 l.
1258 2068 1278 2127 I.

165 2183 265 2246 pastor
282 2178 317 2231 ab
339 2167 525 2249 excelso‘per
552 2178 632 2234 deuia
659 2198 732 2236 rora
759 2184 891 2237 ι’νιιιιισοσ
913 2181 1038 2250 Romala,
1059 2180 1230 2251 praedoctae,
1256 2184 1284 2233 ei

170 2282 285 2338 Remet'
306 2284 379 2339 duait
403 2284 522 2356 ‘ayunt'
574 2285 696 2358 damam
716 2292 780 2342 erat
805 2289 921 2342 armari.
943 2288 1061 2344 diuersis
1082 2288 1141 2341 caii
1167 2291 1282 2356 uterque

168 2387 309 2444 Pataroue.
344 2406 463 2446 occursu
479 2391 593 2462 praeda
607 2399 720 2465 recepto
742 2392 832 2448 Remi.
856 2385 902 2447 CI.
925 2387 1049 2448 Liuiusl
1069 2389 1100 2448 4.

255 2488 375 2568 Capitur
399 2492 506 2552 Remus
529 2511 564 2553 ac
586 2493 739 2553 deducitur
762 2494 796 2554 ad
824 2493 977 2554 AmuIIum.
1020 2494 1179 2556 Numitoris
1205 2498 1280 2556 eninr

170 2596 247 2657 nulla
269 2607 340 2676 puto
363 2600 438 2678 apud
460 2598 582 2659 Ennium
607 2601 715 2659 mentio
739 2600 801 2659 luit.
847 2600 954 2660 Verbis
974 2618 1048 2679 quae
1077 2601 1113 2659 fr.
1127 2601 1190 2661 LVI
1217 2603 1279 2662 elli-

170 2705 247 2763 cinut
266 2703 406 2766 Romulus
427 2705 464 2766 de
480 2707 595 2783 origine
617 2723 670 2765 sua
693 2703 729 2765 alr
754 2703 893 2764 Faustulo
916 2706 1040 2766 edoctus
1068 2706 1212 2766 Amulium
1237 2711 1279 2768 ni-

168 2810 253 2869 detur
276 2812 438 2890 adpellare,
462 2812 540 2889 quod
563 2829 665 2890 parum
684 2811 847 2871 clementer
870 2810 990 2871 Remum
1021 2830 1107 2890 quem
1136 2813 1273 2888 ignorare

169 2925 334 2976 tractasset.

255 3019 299 3078 Eo
324 3020 392 3080 loco
417 3038 474 3098 quo
498 3021 626 3098 expositi
650 3029 679 3078 et
702 3020 817 3079 educati
840 3029 921 3077 erant
940 3020 1041 3079 urbem
1063 3031 1202 3081 extruere
1223 3023 1280 3083 fra·

171 3133 231 3182 tres
251 3124 437 3184 constituunt.
483 3125 616 3202 Augursto
641 3124 762 3199 augurio
783 3123 855 3199 (ina.
887 3123 949 3183 sed.
972 3122 1049 3184 XLII
1076 3127 1114 3185 cl.
1138 3126 1280 3204 Schweg-

170 3229 249 3288 larus
274 3228 347 3289 llist.
372 3231 456 3291 Rom.
483 3230 495 3289 l
519 3230 602 3308 tto)
634 3227 746 3287 lirmant
772 3231 932 3306 Inceptum:
968 3232 1066 3309 itaque
1092 3252 1174 3293 suum
1204 3245 1280 3296 uter-

170 3355 227 3413 que
251 3354 337 3413 quem
359 3343 395 3403 ad
417 3338 566 3416 angariam
589 3332 761 3413 capiendum
784 3334 936 3410 elegerant
960 3347 1086 3400 montem
1108 3341 1278 3418 ascendunt,

170 3442 224 3501 sub
244 3452 360 3502 noctem
381 3455 412 3505 ut
431 3442 612 3505 consuetudo
638 3440 762 3500 ferebat.
810 3437 855 3500 Gi.
888 3440 1065 3504 NIebnlnius
1092 3446 1164 3507 llist.
1195 3448 1279 3510 Rom.

169 3548 181 3607 l
212 3547 273 3609 248
302 3559 332 3609 et
358 3549 569 3626 Schweglerus
604 3548 623 3608 l.
656 3547 675 3606 l.
709 3566 738 3627 p.
762 3546 833 3608 388.
879 3549 938 3609 Sed
971 3550 1176 3630 Niebuhrium,
1215 3574 1280 3616 cum
1373 3634 1377 3639 ,

170 3664 259 3715 totum
284 3655 359 3716 dlem
388 3667 418 3717 et
446 3665 563 3716 noctem
591 3673 645 3715 eos
666 3665 844 3733 expectasse
867 3661 1017 3734 augurium
1039 3661 1192 3738 crederet,
1223 3663 1279 3724 ‘sol

170 3761 263 3821 albus'
291 3780 377 3842 quem
405 3763 513 3823 Ennius
538 3782 565 3821 u.
597 3761 638 3821 92
670 3763 739 3822 dicit
769 3762 884 3823 Iclellit.
917 3763 1024 3825 Lunam
1059 3769 1134 3826 enlm
1162 3769 1201 3827 ita
1231 3768 1281 3827 ad-

170 3867 285 3944 pellari,
307 3885 384 3927 noue
406 3870 533 3952 quidem,
556 3868 668 3930 llerula
683 3869 772 3929 uidit:
794 3870 840 3929 cui
863 3873 1025 3931 sententiae
1050 3873 1186 3932 conuenit
1215 3873 1285 3948 ipse,

170 3992 304 4034 uersuum
328 3993 419 4034 nexus
442 3993 478 4034 ac
500 3977 671 4035 narrationis
694 3991 880 4052 progressus.
929 3978 1068 4038 Romulus
1095 3976 1132 4037 de
1160 3978 1281 4052 augurio

169 4077 343 4140 Auentinum
367 4082 522 4159 occupauit
545 4081 589 4157 (u.
612 4080 685 4158 84);
710 4083 833 4140 seorsim
861 4083 1016 4159 auulgata
1033 4081 1183 4153 memoria,
1206 4098 1282 4156 quae

171 4182 344 4245 Auentinum
368 4185 472 4260 Remo,
494 4186 618 4246 Romulo
646 4188 772 4247 uindicat
793 4187 968 4247 Palatinum:
1000 4188 1038 4246 cl.
1073 4182 1281 4260 Schweglerus

1032 4281 1072 4340 ο*
