2932 4942
227 370 290 436 174
508 374 799 433 INCERTORVM
825 375 1055 433 LIBRORVM

227 545 365 616 affectus
392 544 591 635 sempiterna
620 545 821 616 monimenta
844 547 915 617 suis
941 547 1086 640 reliquit:
1120 552 1226 618 aetate
1255 570 1340 639 pes-

169 661 210 721 70
226 673 300 719 sum
318 652 392 718 acta
411 649 444 717 in
462 646 560 719 Creta
579 649 681 717 uitam
699 652 912 720 commutauit
929 654 962 720 et
980 652 1021 721 ad
1042 653 1125 721 deos
1146 652 1224 735 abiit
1241 675 1339 721 eum·

226 775 291 846 que
316 750 454 823 Curetes
476 752 534 822 filii
557 751 609 821 sui
634 759 834 823 curauerunt
856 755 1164 848 decoraueruntque
1185 778 1279 844 eum;
1306 758 1340 825 et

225 856 414 948 sepulcrum
437 856 510 925 eius
533 859 585 925 est
609 854 642 923 in
664 854 762 926 Creta
783 863 816 926 et
839 858 873 927 in
900 859 1023 950 oppido
1046 856 1176 929 Gnosso
1197 863 1231 930 et
1254 858 1340 928 dici-

225 964 280 1029 tur
301 959 408 1029 Vesta
428 959 513 1028 hanc
532 960 647 1028 urbem
672 960 858 1049 creauisse;
893 962 992 1054 inque
1012 963 1167 1053 sepulcro
1193 963 1265 1032 eius
1287 965 1341 1031 est

225 1062 416 1154 inscriptum
439 1062 582 1155 antiquis
601 1061 718 1132 litteris
738 1063 874 1134 Graccis
892 1065 994 1134 ZAN
1006 1066 1207 1135 KPONOY
1231 1066 1263 1135 id
1287 1067 1340 1134 est

169 1183 209 1244 75
225 1167 341 1236 Latine
358 1166 504 1257 Iuppiter
527 1165 669 1235 Saturni.
745 1268 820 1338 XHI

329 1387 519 1457 Lactantius
533 1386 607 1455 Diu.
622 1385 700 1454 Inst.
721 1384 734 1454 l
752 1407 780 1454 c.
794 1395 833 1455 17
862 1392 963 1479 ‘quae
986 1387 1105 1478 prima’
1124 1387 1184 1475 (sc.
1203 1385 1339 1476 Venus)

227 1494 281 1560 ‘ut
308 1491 341 1560 in
366 1490 504 1560 historia
529 1511 624 1559 sacra
650 1487 850 1573 continetur,
875 1495 978 1560 artem
1001 1490 1217 1561 meretriciam
1240 1491 1340 1560 insti-

225 1595 287 1664 tuit
313 1597 494 1686 auctorque
517 1591 709 1662 mulieribus
733 1591 765 1660 in
790 1590 902 1683 Cypro
920 1594 998 1678 fuit,
1026 1597 1073 1664 uti
1098 1595 1237 1686 uulgato
1260 1617 1342 1664 cor-

226 1720 307 1789 pore
334 1701 508 1790 quaestum
535 1697 698 1766 facerent:
733 1696 823 1788 quod
845 1696 965 1767 idcirco
987 1699 1176 1790 imperauit,
1207 1697 1342 1767 nescia

225 1806 356 1893 praeter
374 1801 456 1871 alias
479 1801 634 1870 mulieres
653 1780 817 1889 impudica
840 1803 873 1868 et
892 1800 1038 1871 uirorum
1053 1804 1217 1893 appetens
1242 1801 1340 1869 uide-

226 1906 335 1975 retur!
381 1904 430 1975 Cf.
454 1905 607 1995 Epitome
627 1925 654 1972 c.
676 1911 696 1972 9

743 2003 824 2075 XIV
861 2047 865 2053 -

644 2124 759 2216 gluma

559 2327 619 2395 EX
645 2326 842 2397 INCERTIS
869 2326 1009 2398 LIBRIS
1044 2396 1049 2405 .

329 2600 365 2669 ln
384 2600 515 2690 templis
533 2599 638 2668 isdem
776 2497 789 2567 l

330 2803 418 2874 Inter
439 2804 627 2895 ponendum
768 2702 795 2772 H

331 3011 455 3080 Versat
476 3032 667 3079 mucronem
766 2907 806 2977 HI

262 3213 324 3263 XIV
348 3214 429 3262 Varro
450 3213 481 3262 de
501 3229 529 3263 re
547 3214 642 3262 urslica
660 3215 670 3263 1
691 3211 725 3262 48
750 3213 842 3262 ‘arista
860 3219 884 3260 et
904 3226 1011 3277 granum
1030 3211 1147 3260 omnibus
1166 3207 1219 3260 fere
1240 3216 1344 3258 notum:

228 3284 335 3350 gluma
347 3283 445 3348 paucis.
474 3284 561 3345 ltaque
576 3283 603 3332 id
616 3283 686 3348 apud
699 3283 808 3331 Ennium
824 3282 907 3331 solum
920 3282 1043 3346 scripturn
1057 3281 1110 3330 scio
1126 3295 1183 3331 esse
1197 3280 1224 3328 in
1237 3278 1324 3328 Euhe
1333 3309 1346 3316 -

228 3354 308 3403 meri
328 3352 427 3402 libris
445 3354 570 3402 uersis)
595 3354 648 3418 (sic
671 3355 717 3401 ‘ex
735 3352 896 3403 ucncrandae
908 3352 1042 3401 uetustatis
1057 3350 1198 3415 exemplari
1212 3365 1226 3398 e
1238 3348 1345 3413 publica

227 3423 438 3555 gentisMedicaf
454 3422 622 3473 bibliotheca’
652 3421 793 3473 Palilianus
814 3422 886 3471 Misc.
911 3438 933 3471 c.
953 3420 996 3471 35.
1019 3419 1248 3485 Ephemeridis
1270 3433 1346 3467 uer-

228 3493 319 3542 sibus
335 3492 413 3557 uulgo

262 3579 303 3626 Ex
322 3587 448 3625 merearis
467 3587 556 3625 amnis
593 3577 603 3624 1
623 3575 711 3626 Cicero
727 3574 795 3625 Orat.
813 3575 856 3634 47,
879 3575 926 3625 157
946 3574 1065 3624 ‘isdem
1084 3585 1217 3635 campus
1230 3568 1345 3629 habet,

228 3647 310 3709 inquil
321 3646 434 3704 Ennius,
454 3653 478 3693 et
497 3646 529 3694 in
545 3646 677 3710 templis
699 3645 808 3695 isdem,
830 3645 863 3692 At
883 3646 980 3695 eisdem
999 3652 1052 3694 erat
1072 3642 1171 3701 nerine,
1191 3654 1239 3689 nec
1258 3647 1346 3688 tamen

228 3715 347 3781 probauit
371 3721 399 3763 ut
423 3714 550 3777 opimius;
581 3714 647 3764 male
670 3715 777 3764 sonabat
800 3714 907 3764 iisdem:
933 3716 1095 3778 impetratum
1118 3718 1156 3761 est
1175 3725 1191 3758 a
1209 3716 1347 3758 consuetu-

229 3786 288 3835 dine
311 3792 338 3832 ul
361 3798 468 3849 peccare
490 3784 625 3833 suauitatis
650 3799 728 3833 cansa
751 3783 856 3833 liceret!
939 3785 959 3832 11
990 3783 1095 3833 Seruius
1122 3782 1149 3830 in
1172 3779 1226 3829 Eci.
1254 3776 1286 3838 9,
1310 3776 1348 3828 23

229 3852 504 3919 ‘interagendum
602 3852 738 3903 Afranius:
763 3855 828 3902 inter
846 3852 1010 3915 loquendum.
1046 3853 1157 3902 Ennius:
1184 3850 1270 3898 inter
1288 3861 1348 3912 po·

228 3924 383 3976 nendum.'
460 3923 496 3971 111
518 3921 623 3972 Seruius
647 3924 673 3972 in
694 3924 758 3972 Aen.
782 3922 819 3971 IX
840 3920 891 3972 748
915 3924 1057 3984 ‘uersat,
1082 3921 1174 3981 librat,
1200 3919 1290 3976 iactat3
1320 3924 1348 3965 et

270 4135 305 4189 69
324 4145 441 4201 pessum
458 4132 520 4182 acta
534 4126 588 4181 duo
604 4125 672 4198 Req.
688 4125 862 4180 recentissimi
876 4140 936 4179 cum
952 4127 1014 4200 aliis
1024 4124 1165 4196 plurimis.
1181 4127 1348 4193 pessumala

226 4216 273 4270 uel
292 4220 452 4286 persumata
472 4213 521 4267 alii
540 4211 604 4265 libri
687 4213 722 4268 74
744 4209 834 4265 ΖΑΝ
847 4212 963 4280 optimus
979 4209 1183 4282 Rea-Pulcer.
1205 4223 1267 4262 mm
1283 4207 1350 4261 aliis

226 4300 325 4355 mullis.
345 4298 427 4374 Ζῆνα
441 4299 487 4353 uel
501 4294 587 4369 Ζῆμα
602 4296 668 4367 aliq.
682 4296 755 4351 libri.
770 4282 845 4362 Ζεύς
855 4295 1010 4366 pleraeque
1024 4295 1088 4350 edd.
