2932 4942
630 329 861 388 nunntlvu

658 496 805 569 XXXIV
818 496 834 534 *

293 633 409 702 Excita
426 632 668 702 cumtremulis
683 655 768 704 anus
784 634 893 703 attulit
908 632 1045 703 artubus
1063 633 1182 717 lumen,

294 736 387 805 Talia
409 740 644 806 commemorat
666 736 856 822 lacrimam,
885 734 1041 807 exterrita
1057 758 1190 808 somno:

295 839 471 909 ‘Eurudica
491 844 673 932 prognata,
703 844 798 932 pater
815 863 913 934 quam
932 843 1046 909 noster
1066 843 1197 927 amauit,

294 943 393 1012 Vires
414 943 548 1035 uitaque
570 967 692 1035 corpus
710 967 819 1014 mcum
838 966 925 1014 nunc
947 943 1070 1012 deserit
1092 966 1199 1015 omne.
1302 932 1307 939 ¹

225 1055 266 1116 40
296 1048 377 1115 Nam
394 1069 446 1115 me
464 1047 559 1116 uisus
578 1047 677 1118 homo
696 1047 833 1138 pulcher
851 1071 911 1139 per
928 1068 1068 1115 amoena
1086 1048 1201 1118 salicta

292 1151 335 1219 Et
354 1151 444 1240 ripas
465 1154 597 1240 raptare
616 1152 776 1244 locosque
797 1173 921 1221 nouos:
952 1149 998 1218 ita
1015 1149 1089 1219 sola

165 1317 176 1343 ,
295 1253 449 1336 Postilla,
478 1275 638 1344 germana
661 1277 774 1339 soror,
802 1276 914 1323 errare
938 1252 1073 1322 uidebar

295 1357 470 1448 Tardaque
489 1357 658 1448 uestigare
677 1362 710 1426 et
728 1380 887 1451 quaerere
906 1360 1064 1447 teneque
1085 1378 1187 1446 posse

294 1459 401 1529 Corde
418 1482 610 1550 capessere:
642 1458 760 1531 semita
779 1461 870 1530 nulla
891 1459 1009 1550 pedem
1032 1458 1206 1529 stabilibat.

224 1573 264 1632 45
293 1562 377 1632 Exin
399 1563 597 1654 compellare
620 1567 715 1654 pater
736 1585 789 1633 me
810 1585 895 1632 uoce
914 1562 1046 1631 uidetur
1128 1560 1131 1564 ’

242 1755 246 1765 Ι
293 1667 353 1735 His
370 1666 497 1736 uerbis:
527 1672 576 1735 “o
600 1669 720 1758 gnata,
747 1667 805 1736 tibi
823 1670 900 1737 sunt
918 1669 993 1734 ante
1011 1663 1166 1734 ferendae

293 1772 497 1854 Aerumnae‚
526 1773 603 1861 post
623 1773 667 1840 e'x
688 1771 792 1840 fluuio
815 1772 949 1839 lortuna
966 1767 1134 1838 resistet.''

294 1874 385 1942 Haec
408 1874 536 1943 eclatus
556 1877 666 1964 pater,
694 1896 869 1965 germana,
898 1874 1033 1962 repente
1050 1869 1188 1940 recessit

292 1979 359 2046 Nec
377 1999 453 2045 sese
471 1977 560 2046 dedit
576 1976 609 2045 in
625 1979 838 2067 conspectum
861 1975 961 2046 corde
983 1974 1125 2065 cupitus,

223 2088 263 2148 50
293 2079 499 2170 Quamquam
522 2079 625 2149 multa
645 2101 763 2148 manus
783 2080 825 2148 ad
846 2078 928 2148 caeli
948 2076 1081 2146 caerula
1098 2074 1220 2166 templa

292 2182 479 2251 Tendebam
501 2183 688 2256 lacrumans
706 2185 738 2252 et
754 2182 876 2251 blanda
898 2202 982 2251 uoce
1002 2179 1174 2251 uocabam.

289 2284 358 2354 Vix
375 2307 480 2376 aegro
501 2309 576 2355 cum
594 2285 693 2355 corde
712 2307 788 2355 meo
810 2307 863 2354 me
883 2306 1021 2355 somnus
1044 2281 1194 2376 reliquit!

649 2437 782 2510 XXXV
796 2437 836 2477 **

192 2626 194 2631 -
290 2571 431 2644 Ouidius
454 2573 551 2644 Trist.
575 2575 683 2647 [1259
714 2576 912 2669 ‘sumpserit
937 2574 1092 2662 annales3
1127 2573 1222 2664 (nibil
1248 2580 1300 2645 cst

186 2676 346 2747 hirsutius
368 2677 470 2784 illisj)
497 2677 598 2748 Facta
621 2681 663 2748 sit
686 2682 775 2752 unde
795 2702 918 2774 parens
939 2678 998 2749 llia
1019 2700 1136 2768 nempe
1160 2679 1269 2772 leget!

185 2878 334 2929 annalibus:
353 2880 429 2942 quos'
450 2896 472 2929 e.
490 2896 514 2942 q.
528 2896 549 2929 s.
622 2882 733 2933 XXXIV
753 2881 842 2933 Cicero
859 2881 891 2931 de
907 2880 960 2931 diu.
981 2880 1048 2939 120,
1065 2881 1100 2930 40
1123 2883 1205 2930 ‘nune
1223 2888 1248 2930 te
1266 2881 1300 2931 ad

186 2949 287 3000 fabulas
298 2965 392 3000 reuoco
404 2948 448 2999 uel
463 2956 607 3000 nostrorum
620 2953 662 3002 uel
672 2953 826 3004 Graecorum
841 2954 984 3019 poetarum.
1012 2950 1104 3000 Narrat
1113 2951 1183 3000 enim
1195 2958 1220 3001 et
1230 2951 1299 3016 apud

224 3206 260 3260 aa
287 3160 369 3256 eiua
391 3201 471 3258 ram.
538 3205 674 3258 tremulus
689 3202 753 3258 urz.
821 3203 994 3271 arturiano
1016 3200 1096 3257 rao.
1182 3204 1218 3259 ar
1241 3207 1298 3255 tum

183 3291 319 3340 memmi
346 3285 426 3340 Viud·
540 3292 575 3346 38
606 3288 723 3344 erudica
744 3286 807 3344 Erl.
832 3286 970 3361 eurydico
1002 3286 1083 3343 Vind.
1190 3288 1226 3344 39
1257 3286 1298 3339 ui·
1350 3366 1356 3376 ι

183 3373 292 3474 adque
315 3399 395 3455 Viacd.
501 3409 537 3462 40
557 3421 657 3460 amena
671 3405 734 3460 Eri.
837 3410 873 3464 lo
894 3406 951 3476 hiJs
965 3405 1027 3460 Erl
1103 3410 1223 3475 ognata
1236 3403 1300 3458 libri

184 3485 248 3556 aliq.
269 3482 376 3552 Oronti,
402 3484 559 3553 Maculam,
581 3488 740 3544 Lanrbinus.
764 3497 885 3562 cognata
911 3490 991 3545 Vino.
1079 3495 1144 3543 sunt
1165 3495 1229 3542 ante
1251 3487 1297 3542 tibi

184 3574 304 3639 cognata
315 3567 377 3623 urz.
466 3572 600 3627 lerundae
612 3574 753 3641 Danielus,
769 3575 946 3630 Foerlsebr'us
961 3573 1072 3642 Quaem.
1091 3572 1162 3630 Tull.
1174 3578 1252 3644 port.
1264 3568 1303 3626 ΙΙ

182 3652 298 3721 (Numb.
315 3655 397 3722 1846)
407 3673 440 3726 p.
451 3662 494 3713 15.
511 3658 654 3728 gerendae
675 3658 755 3713 Virrd.
772 3659 898 3730 gerenda
912 3658 974 3714 urz.
1079 3660 1124 3716 47.
1141 3662 1176 3716 48
1187 3660 1298 3712 inuersa

181 3738 279 3794 ordine
300 3738 427 3809 leputatur
452 3743 481 3795 in
507 3741 588 3799 Vino.
610 3743 689 3814 Era,
718 3746 890 3816 transposuit
915 3760 931 3800 e
959 3743 1038 3799 codd.
1060 3743 1193 3799 Dauom

180 3846 215 3902 47
235 3861 350 3900 erumne
366 3844 429 3901 Erl.
505 3848 640 3916 resistet]
656 3851 773 3905 recessit
787 3851 848 3908 Erl.
934 3854 970 3909 48
984 3850 1038 3906 hee
1057 3849 1119 3906 Eri.
1206 3823 1296 3903 elirtus

180 3935 260 4000 pater
288 3929 368 3986 Vind.
383 3936 463 4002 pater
483 3929 585 3987 effatus
605 3933 666 3992 Erl.
746 3940 788 3994 -50
804 3951 901 3992 manas
918 3934 980 3991 Eri.
1088 3941 1121 3994 51
1138 3934 1297 3989 lacrumans

188 4013 266 4071 Vind.
285 4017 434 4072 lacrimans
449 4017 512 4072 Erl.
599 4017 702 4072 blande
716 4019 779 4074 Erl.
887 4025 921 4079 52
937 4036 1000 4074 curn
1023 4019 1101 4075 Vind.
1120 4024 1176 4074 turn
1192 4017 1254 4073 Eri.

182 4107 398 4286 pomd'dVirpcpd
397 4136 427 4201 (e
439 4151 476 4190 m.
495 4136 542 4191 alt.
561 4139 795 4208 superscriptum)
813 4153 900 4192 sonus
915 4136 977 4191 Erl.
1065 4105 1194 4209 relinquii
1216 4137 1295 4193 Vind.

199 4234 261 4275 sm.
306 4222 325 4272 t.
398 4223 422 4288 .)
