2940 4882
640 318 869 373 ennianae
1218 330 1288 375 LXV

177 477 218 555 pli
246 495 332 537 causa
356 478 510 556 proposito
539 478 717 538 inlustrauil:
746 493 810 540 lirare
837 485 951 539 rrrrtbras
975 500 1094 557 uespera
1116 490 1204 559 rorpil
1223 489 1288 542 Aur-

175 589 250 657 pb'us
267 603 408 660 racrrrprre
429 589 533 659 obstipo
553 591 653 643 lurninr
675 592 747 647 solis.
793 583 858 658 Quo
878 605 965 645 uersu
989 586 1096 647 abillo
1120 587 1147 643 in
1169 589 1288 646 incertis

177 690 309 766 reposito
336 690 403 748 milri
424 690 485 748 uisa
505 700 549 749 est
569 690 727 749 adueniens
754 690 808 749 sub
830 710 944 769 pugnae
964 694 1071 752 exitum
1091 711 1217 771 uespera
1237 695 1286 753 de-

175 795 300 871 signari:
324 796 362 854 ci.
382 795 452 855 Liuii
476 815 559 873 quam
579 816 666 875 supra
689 798 833 874 exscripsi
856 800 1058 858 narrationem.

261 899 339 960 inter
367 920 401 961 ea
428 911 521 961 autem
549 920 624 979 quae
652 900 764 960 cladem
786 899 967 963 Cannensem
993 906 1126 983 proxime
1154 905 1285 964 insecuta

176 1016 241 1066 suut
262 1007 314 1066 init
338 1009 423 1066 etiam
445 1015 563 1085 utputo
583 1006 654 1066 illud
675 1008 751 1084 quod
772 1008 806 1066 ir.
827 1009 853 1066 V
875 1011 1030 1070 indicatur:
1056 1017 1078 1069 is
1099 1030 1207 1083 parnas
1221 1030 1282 1069 sicc-

175 1117 241 1171 rr'dr'l
259 1119 353 1189 iniquia
377 1118 507 1190 snperbia
526 1118 621 1171 Poeni.
666 1110 719 1171 Cui
742 1115 899 1175 memoriae
922 1135 986 1176 cum
1009 1117 1076 1175 olim
1101 1134 1117 1174 c
1140 1114 1219 1174 Liuia
1244 1114 1285 1173 lu·

176 1236 240 1277 cem
262 1227 398 1298 peterent
421 1217 502 1278 XXII
526 1220 581 1277 51:
612 1222 744 1292 quosdam
775 1230 800 1276 ol
828 1226 946 1279 iacentes
964 1228 1043 1281 ainos
1063 1228 1178 1281 sicarius
1203 1226 1284 1296 sorni-

174 1329 253 1383 rn'bus
272 1330 474 1401 poplitibusque
494 1332 660 1383 inuenerunt
682 1341 708 1380 e.
729 1341 756 1399 q.
781 1342 804 1381 s.
851 1323 905 1400 (ci.
922 1324 987 1385 Vel.
1006 1326 1082 1386 Max.
1106 1327 1160 1387 Vll
1181 1329 1201 1387 4
1224 1336 1282 1393 ext.

174 1429 230 1509 2),
253 1429 362 1507 Hagios
383 1429 601 1488 conuenientius
633 1429 793 1485 sententiae
815 1427 889 1490 hanc
915 1431 1026 1491 Valerii
1050 1430 1165 1491 Maximi
1186 1451 1283 1493 narra·

176 1538 283 1595 tionem
304 1537 408 1595 asciuit
430 1535 471 1594 lX
490 1535 509 1593 2
533 1543 592 1594 ext.
616 1532 652 1592 2:
676 1538 819 1593 Hannibal
841 1580 848 1591 .
868 1581 898 1594 ..
920 1544 947 1595 in
965 1544 1080 1612 sluruinr
1094 1542 1170 1597 Gallo
1194 1539 1282 1617 (Ver-

131 1672 141 1689 ·
175 1640 268 1718 gello,
286 1641 324 1725 ci.
345 1639 450 1699 Florus
474 1639 485 1697 Ι
505 1637 545 1697 22
562 1656 590 1715 p.
608 1638 648 1697 37
664 1639 764 1718 dabri.)
787 1648 950 1717 corporibus
968 1647 1101 1702 Romanis
1111 1655 1195 1719 porrlc
1206 1649 1283 1721 flacio

174 1753 327 1807 amarition
350 1752 510 1805 transalbani
533 1789 539 1801 .
561 1789 568 1802 .
589 1789 596 1802 .
620 1749 689 1801 lolem
711 1752 834 1819 eapituos
857 1759 965 1808 nostros
986 1752 1114 1807 altaribus
1137 1759 1163 1806 el
1185 1754 1283 1807 itinere

172 1857 262 1928 scacos
275 1859 330 1911 iam
343 1859 438 1927 prima
448 1856 552 1927 pedam
563 1860 648 1925 pario
661 1857 770 1910 aaronica
786 1857 964 1927 relinquebat:
1007 1857 1080 1924 eros
1096 1871 1162 1911 acro
1176 1859 1204 1911 ia
1219 1874 1282 1912 cas-

173 1969 217 2015 tra
229 1963 416 2032 perdurandi,
425 1965 512 2039 parra
525 1962 589 2034 fera
603 1962 727 2033 fratrum
741 1968 766 2015 ri
776 1965 995 2033 piupiinpuorrou
1011 1966 1125 2034 iungens·
1139 1964 1220 2034 ferro
1235 1965 1281 2017 ‹lr-

173 2082 289 2122 rcrnrrr
303 2068 421 2139 cogabat.
449 2063 578 2137 Quorum
595 2064 666 2123 iliud
683 2063 759 2143 quod
779 2063 815 2122 de
835 2072 923 2139 ponte
940 2064 1130 2124 cadaueribus
1147 2075 1281 2125 extructo

173 2168 307 2229 Valerius
325 2170 458 2248 perbibet
475 2169 554 2229 Flori
571 2170 589 2228 l.
606 2169 625 2229 i.
648 2170 755 2229 indicio
776 2179 842 2247 prost
859 2170 950 2247 ipsam
966 2189 1088 2247 pugnam
1101 2171 1281 2231 Cannensem

172 2275 317 2334 accidisse
341 2277 533 2352 significatur:
563 2285 610 2351 nt,
634 2278 658 2335 si
682 2295 738 2354 qua
761 2276 833 2335 lides
857 2285 902 2335 est
924 2275 1015 2334 ordini
1039 2294 1123 2353 quem
1144 2278 1281 2337 Valerius

172 2383 263 2442 lenuit
284 2384 472 2459 narrationis,
503 2383 607 2442 eodem
627 2387 712 2443 etiarn
735 2383 826 2443 altera
849 2383 987 2441 memoria
1009 2382 1114 2440 referri
1139 2383 1279 2442 uideatur.

173 2486 237 2561 Qua
251 2506 284 2545 re
306 2487 342 2546 ir.
363 2487 403 2546 Vl
423 2498 472 2548 aut
495 2497 561 2566 post
583 2487 637 2548 XV
654 2489 864 2549 conlocandum
886 2497 934 2547 aut
956 2488 1145 2563 relegandum
1168 2490 1223 2549 erit
1244 2490 1280 2549 ad

173 2593 294 2652 incerta.

258 2698 380 2758 Relicna
409 2719 484 2778 quae
514 2720 579 2760 cum
609 2703 704 2780 Hngio
733 2702 767 2761 ad
799 2701 874 2760 hunc
898 2700 1001 2759 librum
1023 2699 1147 2777 ascripsi
1170 2708 1218 2759 aut
1239 2700 1279 2758 in-

173 2814 253 2863 certa
273 2814 338 2863 sunt
361 2815 409 2865 aut
434 2824 490 2865 non
514 2809 662 2868 traduntur
685 2827 722 2867 ex
743 2808 799 2867 hoc
820 2808 905 2866 libro.
951 2806 987 2878 Q.
1008 2804 1115 2865 Fabius
1138 2806 1279 2866 Maximus

173 2921 302 2988 quartum
325 2911 427 2969 consul
451 2923 566 2974 creatur
584 2912 684 2993 (XIX)
706 2932 732 2972 a.
756 2934 782 2972 ιι.
807 2932 832 2971 c.
855 2911 916 2973 538
934 2911 1009 2969 coni.
1030 2910 1112 2970 Liuio
1133 2910 1229 2971 XXlV
1248 2914 1277 2972 u.

171 3017 351 3095 Fragmenlis
368 3015 424 3075 XX
437 3027 466 3076 et
481 3018 563 3077 XXll
583 3020 725 3078 obsessae
745 3018 955 3097 Campanorum
977 3019 1078 3076 nescio
1101 3034 1175 3094 quae
1192 3018 1280 3076 urbes

171 3126 369 3201 designantur.
413 3124 486 3185 Illud
501 3125 611 3203 Hugius
627 3127 668 3189 ,ad
692 3126 843 3186 obsessam
859 3144 875 3185 a
893 3123 1029 3184 Romanis
1046 3120 1173 3200 Capuam
1189 3123 1280 3182 refert

173 3231 250 3291 conl.
269 3232 350 3291 Liuio
371 3229 453 3289 XXV
472 3231 523 3291 20.
544 3232 639 3291 XXVl
659 3235 690 3309 4,
715 3233 771 3293 boc
794 3233 830 3293 ad
852 3248 888 3290 ea
908 3248 984 3308 qnae
1003 3228 1098 3287 Liuius
1121 3226 1215 3286 XXVl
1241 3227 1279 3287 16

172 3336 333 3415 perhibuit,
364 3355 389 3395 a.
421 3356 446 3395 ιι.
473 3356 497 3396 c.
528 3339 586 3397 541
622 3339 771 3417 principes
805 3337 1014 3415 Campanorum
1044 3336 1145 3413 partim
1176 3344 1278 3413 captos

172 3444 273 3520 partim
294 3444 466 3503 Interiectus
488 3464 566 3505 esse.
612 3445 786 3521 Fragmenta
810 3454 905 3503 autem
925 3441 993 3501 XXi
1016 3443 1063 3500 uix
1090 3441 1205 3501 dubium
1233 3450 1278 3500 est

172 3550 238 3627 quin
260 3549 401 3609 Hannibal
421 3549 606 3627 designetur,
631 3555 678 3631 qui
701 3570 726 3610 a.
751 3571 778 3609 ιι.
804 3569 829 3608 c.
853 3551 930 3625 nil,
951 3558 980 3608 ut
1000 3548 1095 3607 Liuius
1116 3546 1213 3605 XXVI
1240 3546 1277 3605 ill

171 3666 285 3731 narrat,
305 3665 392 3716 noctu
409 3654 528 3715 Romam
545 3659 686 3734 perrexit.
732 3657 865 3734 Denique
888 3656 1114 3732 fragmentorum
1134 3652 1229 3712 XXlll
1250 3662 1279 3712 et

171 3757 267 3819 XXlV
290 3764 476 3822 occasionem
499 3761 576 3821 uelle
604 3764 731 3823 indicare
760 3763 897 3821 hariolari
921 3772 975 3821 est.
1023 3760 1130 3820 Contra
1152 3761 1277 3817 incerto·

171 3884 234 3939 rum
256 3867 313 3927 duo
336 3868 470 3927 indicabo
492 3886 529 3925 ex
559 3868 615 3935 hoc
642 3866 715 3925 libro
739 3867 865 3925 fortasse
887 3869 1053 3946 desumpta:
1084 3869 1118 3927 ir.
1143 3861 1280 3923 XXXVH

171 3975 257 4047 {loprae
277 3978 386 4032 mlortdrl
407 3994 490 4048 apros
509 3979 595 4033 laetos
617 3984 696 4049 (alque
715 3978 817 4047 ‹ppata
834 3979 913 4046 capili,
935 3973 1011 4048 quod
1028 3982 1143 4051 poterat
1158 3979 1225 4048 apte
1241 3968 1278 4027 de

171 4075 330 4137 Hannibale
348 4087 416 4156 post
438 4077 549 4137 cladem
563 4074 743 4137 Cannensem
761 4076 871 4136 ltaliam
893 4082 1063 4154 perurgenti
1087 4078 1201 4138 eiierri:
1226 4073 1277 4134 sed

171 4183 209 4240 ci.
223 4203 251 4260 p.
264 4183 300 4247 L:
318 4184 483 4262 ibidemque
494 4184 590 4243 locum
602 4184 711 4243 habere
722 4185 779 4242 hoo
790 4189 920 4259 iiilbrpaes
931 4188 1071 4241 Briniates
1084 4179 1276 4260 (XXXVIII).

212 4286 323 4345 Eamus,
1096 4297 1112 4336 e
