2932 4942
625 342 855 398 ENNIANAE
1218 353 1289 400 XLV

178 509 243 584 gius
266 508 407 567 excussit.
458 506 517 565 Sed
546 507 570 564 is
599 507 675 584 quod
703 508 817 566 nimium
846 509 972 568 conlisus
995 506 1146 567 blacrobio
1175 511 1203 567 in
1234 509 1289 570 Vll

174 615 272 675 'annali
294 632 396 673 uersus
419 613 570 691 adposuit,
594 631 652 672 non
680 614 777 673 laudo.
819 612 892 672 Nam
916 623 947 673 ut
972 621 1061 693 potita
1091 616 1118 673 in
1146 633 1183 674 eo
1211 616 1286 675 libro

177 730 298 800 praeter
330 720 468 781 Punicum
501 717 610 777 bellum
638 720 725 779 ctiam
758 721 889 781 Gallicos
922 719 1076 796 tumultus,
1110 720 1147 779 de
1184 722 1287 800 quibus

176 823 316 899 Polybius
338 835 436 885 narrat
455 823 482 885 ll
501 823 541 885 23
563 843 649 904 susp,
678 828 824 904 tetigerit,
851 837 947 886 tamen
970 844 1054 904 quam
1077 828 1105 885 in
1133 826 1183 886 illo
1205 827 1286 888 bello

176 928 251 989 Galli
274 930 450 990 obtinuerint
470 949 567 990 arcem
583 949 641 1008 ego
655 932 762 991 nullam
776 935 904 993 inuenio.
942 933 1005 1007 Qua
1027 952 1060 992 rc
1076 931 1171 991 lenem
1187 952 1287 993 emen-

175 1035 321 1096 dationem
333 1040 444 1097 numeri
460 1037 585 1098 adhibeo
602 1045 631 1097 et
648 1055 664 1096 e
681 1036 734 1097 Vll
752 1040 779 1097 in
794 1038 849 1099 llll
864 1037 1011 1098 translatis
1026 1040 1159 1098 uersibus
1176 1039 1287 1100 Romae

176 1161 275 1202 arcem
304 1161 320 1202 a
343 1142 433 1203 Gallis
456 1163 481 1209 a.
507 1164 533 1203 ιι.
561 1161 586 1202 c.
611 1142 672 1203 365
695 1154 867 1223 occupatam
887 1146 1046 1222 significari
1072 1155 1177 1205 statuo.
1223 1146 1288 1206 Nec

176 1248 272 1308 obstat
299 1249 469 1327 admodum,
494 1250 572 1327 quod
595 1247 703 1307 Ennius
729 1253 852 1311 seorsim
882 1252 1000 1312 abiuio
1023 1251 1204 1330 aliorumque
1225 1270 1285 1310 me-

175 1358 266 1416 moria
288 1357 394 1434 uigiles
417 1355 454 1416 ab
476 1354 700 1416 ascendentibus
717 1355 891 1435 Capitolium
914 1358 1003 1419 Gallis
1024 1359 1168 1419 cruentari
1191 1357 1285 1417 tradit.

176 1461 289 1542 Nempe
320 1463 377 1524 hoc
405 1463 472 1523 leue
492 1471 555 1537 est,
583 1471 670 1539 atque
693 1464 766 1522 alias
787 1465 942 1541 grauiores
963 1466 1107 1523 coeteris
1127 1463 1210 1523 Ennii
1231 1463 1285 1523 dil·

173 1567 314 1629 ierentias
342 1569 412 1629 alibi
441 1570 598 1646 tetigimus.
658 1567 793 1650 Denique
822 1572 983 1647 fragmenta
1013 1571 1122 1630 incerta
1152 1571 1217 1630 dum
1247 1570 1284 1630 de

173 1674 232 1734 hoc
251 1675 328 1735 libro
348 1678 483 1750 excutio,
507 1675 564 1734 duo
587 1674 756 1751 obtigerunt
778 1676 851 1754 (inc.
874 1677 937 1736 sed.
954 1674 1022 1736 Xlll
1040 1686 1069 1735 et
1085 1676 1185 1756 xlv),
1210 1695 1284 1755 quae

174 1780 209 1840 ad
236 1781 311 1842 banc
338 1781 449 1843 llomae
474 1781 678 1840 obsessionem
707 1791 898 1850 reuocentur;
941 1801 1063 1861 quorum
1090 1782 1160 1843 illud
1190 1785 1285 1844 editor

173 1884 333 1964 Lipsiensis
359 1891 450 1948 sensit
467 1888 522 1948 bac
546 1888 703 1946 occasione
726 1896 794 1966 apte
816 1890 947 1966 potuisse
970 1889 1082 1963 ellerri,
1108 1899 1210 1966 quarto
1234 1890 1283 1949 de-

173 1992 248 2052 clmo
278 2001 373 2053 autem
401 1994 545 2072 llbergius
576 1994 667 2052 uoluit
695 1991 846 2053 Camillum
876 2005 987 2074 patrem
1017 1995 1187 2071 designari;
1226 2013 1284 2054 non

173 2096 286 2176 inepte:
321 2116 491 2179 quamquam
521 2100 662 2158 lubricum
691 2110 736 2159 est
758 2102 893 2162 iudicium
916 2103 953 2163 de
977 2120 1082 2176 uersu,
1115 2119 1201 2179 quem
1226 2119 1284 2178 ego

172 2204 290 2263 multum
312 2204 397 2265 abest
417 2214 447 2264 ut
468 2207 524 2265 iam
546 2215 754 2283 perpurgatum
777 2208 910 2270 habeam.
1205 2212 1209 2218 '

257 2311 378 2389 Septem
397 2329 550 2386 uersuum,
575 2313 623 2389 uui
646 2330 721 2371 nunc
743 2316 903 2393 quintum
927 2315 1093 2375 annalem
1117 2314 1282 2389 conficiunt,

172 2423 308 2491 quattuor
332 2418 501 2478 adferuntur
529 2418 686 2494 equinto,
719 2420 771 2479 sed
802 2422 828 2478 ei
860 2423 898 2481 ita
928 2422 1104 2499 comparati,
1136 2427 1167 2478 ut
1193 2435 1282 2494 aegre

172 2519 209 2578 de
239 2522 304 2580 eius
331 2522 397 2582 libri
422 2534 593 2600 argumento
623 2525 820 2584 coniecturam
849 2528 1001 2605 patiantur.
1048 2526 1086 2585 At
1107 2525 1282 2585 bocrerum

172 2626 273 2686 ordine
301 2629 494 2706 aequabiliter
523 2630 731 2707 progrediente
759 2631 915 2707 suadetur,
947 2652 1011 2692 eum
1034 2632 1136 2690 librum
1159 2632 1282 2689 maxime

172 2731 199 2789 in
215 2734 426 2794 Samniticis
449 2736 567 2796 bellis
589 2745 736 2796 uersatum
752 2737 854 2796 luisse.
886 2739 969 2798 Vnde
986 2740 1095 2798 certior
1110 2736 1199 2796 sedes
1216 2736 1283 2795 huic

171 2840 268 2897 uersui
292 2842 448 2918 contingit,
478 2843 514 2902 de
534 2842 724 2917 Samnitibus,
756 2851 785 2900 ut
804 2843 883 2903 Acro
910 2847 937 2905 in
960 2847 1031 2905 llor.
1055 2844 1112 2921 llp.
1133 2843 1158 2900 ll
1182 2843 1217 2918 2,
1241 2843 1281 2902 97

170 2955 284 3021 monet,
314 2947 392 3006 elato
423 2953 520 3008 bellum
547 2955 644 3025 demtis
669 2953 797 3007 munibus
823 2973 882 3012 noe
903 2958 1063 3027 intempeste
1083 2953 1191 3007 diremit
1212 2945 1281 3025 (ll).

170 3050 254 3124 Quae
281 3071 330 3112 res
358 3055 525 3113 inlustratur
555 3053 673 3112 aLiuio
696 3046 766 3129 (Vll
788 3055 862 3134 33),
897 3055 935 3115 ibi
954 3055 1001 3113 ubi
1025 3054 1061 3113 de
1084 3053 1177 3131 primo
1200 3050 1281 3108 bello

170 3157 327 3218 Samnitico
352 3160 422 3220 dicit
444 3167 536 3236 itaque
555 3163 690 3232 Romani,
717 3180 779 3219 erem
802 3173 828 3220 et
842 3167 932 3236 starem
951 3169 1007 3220 inm
1029 3164 1187 3218 lassitudine
1207 3164 1283 3217 uires

169 3271 304 3325 sentirent
325 3276 352 3326 et
376 3272 431 3326 diei
456 3269 533 3325 bend
559 3271 671 3325 multum
692 3286 780 3342 nmen
801 3287 874 3343 esse,
900 3274 1012 3327 accensi
1031 3273 1076 3324 ira
1098 3272 1234 3325 corrodunt
1253 3285 1283 3325 se

170 3376 199 3429 in
218 3376 330 3432 bostem.
351 3385 406 3433 tnm
424 3380 546 3449 primum
567 3377 675 3448 referri
689 3379 789 3448 pedem
809 3386 890 3447 atque
911 3376 1042 3429 inclinari
1062 3391 1121 3431 rem
1141 3379 1170 3431 in
1183 3377 1282 3449 [upum

169 3486 304 3553 opportuit
310 3508 319 3546 ;
346 3490 402 3539 tum
427 3486 507 3554 capi,
536 3484 624 3537 occidi
646 3483 771 3549 Sumnis;
797 3503 848 3542 nee
873 3472 961 3554 super
986 3482 1107 3553 fuissent
1126 3487 1217 3555 msslti,
1244 3489 1284 3542 ni

171 3605 242 3644 nom
263 3592 456 3646 uictoriam
477 3591 587 3660 mapis
609 3607 709 3661 qrtem
726 3595 908 3662 proelium
928 3588 1146 3648 diremisset.
1170 3588 1229 3648 Sed
1245 3607 1281 3646 ne

170 3691 345 3769 sicquidem
362 3693 432 3749 satis
450 3692 631 3752 confidenter
647 3713 728 3753 suum
746 3695 813 3755 huic
834 3699 930 3756 uersui
950 3693 1046 3753 locum
1061 3695 1200 3772 adsigno:
1222 3712 1280 3752 non

139 3797 260 3855 'minus
283 3798 358 3855 enim
382 3800 408 3856 ei
432 3800 475 3856 rei
498 3802 633 3858 conuenit
656 3800 748 3860 altera
775 3802 906 3862 eiusdem
933 3800 1004 3859 Liuii
1033 3802 1070 3861 de
1092 3804 1178 3861 tertio
1200 3800 1280 3859 bello

168 3903 335 3962 Samnitium
347 3906 473 3963 narratio
486 3904 529 3983 (X
543 3904 596 3984 12)
608 3928 614 3964 :
632 3917 784 3982 pnpnotnm
798 3913 903 3964 maiore
912 3919 997 3981 pitrte
1008 3913 1062 3967 diei
1074 3928 1174 3982 maone
1185 3912 1280 3964 utrim-

168 4028 222 4083 pue
239 4015 339 4068 caede:
367 4031 438 4070 nom
456 4019 624 4086 incertis,
657 4036 725 4089 qun
748 4020 830 4072 ‹lntn
852 4020 1012 4072 uictoria
1038 4024 1148 4084 esset,
1170 4019 1278 4069 inter·

168 4122 276 4176 uenit.
344 4116 443 4177 liebus
456 4120 620 4179 Samniticis
633 4121 720 4178 inseri
732 4122 817 4178 etiam
830 4121 949 4197 primum
965 4119 1046 4177 buius
1059 4118 1122 4177 libri
1135 4116 1279 4190 fragmen-

167 4228 226 4279 tum
238 4221 361 4281 uidetur.
387 4222 453 4295 Quo
466 4241 541 4301 ego,
556 4224 674 4286 fauente
688 4227 849 4284 sententiae
868 4224 948 4283 Liuio
964 4222 1017 4281 Vll
1031 4224 1079 4296 lb,
1098 4220 1132 4279 T.
1145 4219 1280 4280 Manlium
