2932 4942
591 350 833 422 aaurovrnu

638 519 785 591 XXXVI

264 646 311 712 Te
329 643 398 711 sale
419 644 497 710 nata
513 663 633 731 precor
651 639 785 725 Venus,
813 642 846 710 tc
865 638 1017 730 genetrix
1034 637 1137 728 patris
1154 635 1268 721 nostri,
1360 634 1364 642 '

263 747 310 815 vt
328 769 380 816 me
400 745 442 814 de
462 744 555 815 caelo
578 745 669 814 uisas
691 746 835 837 cognata
857 763 1044 834 parumper.

633 880 793 951 XXXVII

195 998 235 1057 55
263 989 376 1080 Teque
396 991 491 1080 pater
512 982 664 1058 Tiberine
684 987 742 1054 tuo
764 1007 838 1053 cum
859 981 993 1052 llumine
1013 983 1137 1050 sancto.

612 1120 817 1193 XXXVIII*
1313 1200 1316 1206 1

265 1225 453 1316 porphyrio
475 1226 508 1296 in
526 1227 607 1298 Hor.
631 1225 738 1296 Germ.
759 1225 773 1295 l
793 1231 880 1309 2,18
909 1219 985 1289 ‘Ilia
1006 1219 1142 1289 auctore
1164 1215 1271 1284 Ennio

159 1328 191 1395 in
211 1350 338 1458 amnem
353 1327 494 1398 Tiberim
517 1331 612 1400 iussu
628 1327 753 1399 Amulii
772 1327 863 1420 regis
882 1322 1087 1394 Albanorum
1105 1318 1272 1411 praecipi-

161 1434 230 1499 tata
249 1435 310 1500 est.
596 1529 598 1532 Δ
630 1530 802 1604 xxm*
851 1492 855 1507 ,

264 1653 321 1723 Ilia
345 1654 399 1723 dia
422 1676 528 1744 nepos
550 1677 634 1747 quas
654 1674 831 1725 aerumnas
855 1648 1001 1719 tetulisti.

674 1787 766 1860 XL*

264 1917 278 1960 .·
326 1945 333 1959 .
388 1945 395 1960 .
448 1898 460 1962 t
637 1896 747 1964 cetera
768 1913 853 1984 quos
876 1886 1032 1979 peperisti

264 1996 311 2063 Ne
332 2017 429 2064 cures

661 2098 735 2168 XLI
749 2096 766 2134 *

263 2269 583 2287 ......
636 2221 673 2288 ut
695 2218 754 2288 Ilia
774 2216 901 2287 reddita
920 2218 1057 2305 nuptum

194 2465 234 2526 60
261 2454 353 2525 Haec
371 2457 515 2526 ecfatus:
542 2457 586 2527 ibi
604 2354 759 2529 latrrIIIialsl
772 2456 859 2526 dicta
878 2457 1057 2525 lacessunt.

160 2657 269 2706 Ennium
282 2656 395 2707 Vestalis
408 2658 467 2708 illa:
491 2661 586 2710 excita’
612 2678 635 2712 e.
653 2677 677 2724 q.
693 2677 715 2711 s.
787 2659 900 2709 XXXVI
918 2657 1016 2707 Nonius
1031 2672 1058 2721 p.
1071 2653 1132 2705 378,
1147 2652 1179 2704 16
1199 2657 1273 2717 ‘pa-

159 2742 288 2791 rumper
301 2727 352 2776 cito
367 2734 391 2776 et
405 2728 535 2779 uelociter.
569 2731 665 2781 Ennius
678 2730 764 2781 annali
777 2730 822 2779 lib.
838 2731 848 2778 l
863 2728 909 2777 ...’
982 2724 1106 2774 XXXVII
1129 2722 1274 2772 Mssssmbilffl

159 2796 213 2845 Sat.
235 2796 303 2845 Vll
330 2812 358 2862 p.
372 2795 424 2847 499
442 2799 500 2848 Jan.
529 2802 622 2863 ‘tuque
642 2816 657 2849 o
674 2799 773 2865 Thybri
794 2807 838 2850 tuo
858 2797 958 2863 genitor
974 2812 1032 2845 cum
1051 2793 1155 2842 flumine
1176 2798 1272 2842 sallem·

161 2863 237 2928 [Aen.
256 2865 318 2913 VIII
337 2864 381 2931 72]
409 2868 506 2917 Ennius
530 2869 557 2917 in
582 2871 666 2935 primo
685 2906 691 2917 .
708 2906 714 2918 .
732 2871 747 2917 .’
818 2865 933 2917 XXXIX
955 2865 1087 2916 Charisius
1108 2864 1118 2910 l
1144 2878 1170 2927 p.
1190 2862 1224 2910 70
1243 2858 1272 2908 P.

160 2933 209 2998 (50
226 2929 319 2995 Lind.)
342 2937 469 2999 ‘neptis
488 2939 649 3002 grammatici
669 2938 757 2988 nolunt
776 2938 828 2986 dIci
854 2972 860 2984 .
881 2972 887 2983 .
908 2971 913 2983 .
936 2969 942 2981 .
967 2941 991 2982 et
1009 2932 1136 2982 aduocant
1154 2931 1273 2987 Ennium,

161 3001 230 3064 quod
243 3001 338 3050 dixerit
350 3003 398 3051 ita:
416 3004 475 3052 llia'
492 3021 578 3067 e.q.s.
600 3006 697 3056 Nonius
711 3005 831 3070 palas
845 3007 962 3068 ‘nepos
977 3002 1028 3050 dici
1043 3008 1068 3050 et
1083 3000 1178 3050 femina
1190 3005 1274 3064 potest

161 3071 242 3120 Ennio
262 3077 378 3131 auctore,
402 3088 467 3134 quae
481 3087 548 3122 nunc
569 3077 654 3139 neptIs
672 3075 777 3124 dIcitur:
797 3073 855 3123 llia’
880 3089 902 3120 e.
919 3088 944 3134 q.
959 3086 981 3120 s.
1023 3069 1113 3119 Festus
1127 3084 1153 3132 p.
1169 3067 1221 3118 286
1237 3068 1271 3116 Μ.

162 3146 246 3189 ‘recto
259 3138 343 3189 fronte
362 3177 464 3190 .....
484 3143 604 3205 antiquae
618 3145 645 3195 id
658 3143 849 3194 consuetudinis
862 3140 920 3200 fuit,
938 3148 966 3189 ut
979 3155 1036 3187 cum
1050 3139 1087 3188 ait
1100 3139 1197 3187 Ennius
1212 3152 1275 3201 quo-

162 3224 224 3272 que:
244 3209 349 3273 astirpe
361 3225 490 3276 supremo,
510 3220 534 3260 et
548 3212 609 3262 Ilia
624 3213 678 3263 dia
691 3213 810 3279 nepos)
881 3210 932 3260 XL·
945 3209 1050 3259 Seruius
1061 3208 1088 3257 in
1098 3208 1162 3257 Aen·
1177 3208 1212 3257 lX
1222 3207 1275 3257 656

162 3284 285 3328 ‘cetera
298 3277 433 3345 deinceps:
451 3289 475 3330 et
489 3289 527 3330 est
540 3282 691 3333 aduerbium
706 3285 723 3332 i.
739 3299 761 3332 e.
778 3283 806 3333 in
820 3289 945 3339 ceterum3
964 3287 1002 3329 est
1017 3286 1101 3327 autem
1115 3278 1272 3328 Ennianum:

161 3348 257 3396 cetera’
278 3362 301 3397 e.
315 3362 340 3409 q.
357 3364 378 3397 s.
415 3349 478 3400 Cum
499 3353 632 3416 superiore
652 3353 783 3402 coniunxit
798 3351 910 3409 Merula,
934 3349 978 3412 qui
997 3356 1082 3398 tamen
1097 3348 1166 3411 quod
1186 3362 1273 3398 uerum

162 3426 200 3467 est
220 3431 270 3466 non
290 3419 434 3482 perspexit
493 3419 551 3471 XLI
575 3421 681 3473 Seruius
702 3418 1086 3472 iuAen.111333.‘reddita
1103 3433 1173 3468 more
1193 3418 1274 3469 ueteri

161 3501 208 3551 pro
223 3486 284 3535 data
298 3487 485 3553 achpiendum,
503 3505 531 3540 re
545 3506 606 3557 ergo
622 3492 743 3542 abundat.
765 3492 862 3541 Ennius
876 3492 903 3539 ln
915 3488 1064 3538 annalibus:
1080 3489 1120 3537 ut'
1136 3504 1159 3539 e.
1176 3505 1200 3551 q.
1215 3504 1238 3552 s.

196 3555 267 3605 XLII
285 3554 528 3624 Nouiusp.306‚23
547 3559 875 3637 ‘lacessereestlacera
897 3559 994 3609 Ennius
1003 3557 1137 3608 annalibus
1150 3558 1215 3608 lib.l
1226 3559 1272 3607 ...'

203 3735 238 3789 53
262 3733 321 3786 sale
339 3734 420 3800 nata]
439 3742 573 3790 saneneta
596 3736 665 3791 porc
688 3753 762 3792 nunc
784 3740 881 3791 sancta
904 3733 1050 3801 Columna,
1074 3733 1195 3790 Merula.
1220 3733 1274 3788 dea

161 3823 258 3871 sancta
266 3815 304 3871 H.
315 3816 462 3890 Ilberpr'us.
486 3819 529 3891 Cf.
544 3821 681 3876 Ausonias
695 3823 781 3894 eps'pr.
791 3825 827 3879 33
839 3818 1039 3875 ctPlutarcltus
1048 3817 1144 3891 Symp.
1168 3819 1194 3873 V
1205 3824 1244 3884 10,
1255 3821 1274 3874 4

160 3887 244 3973 οἶμαι
260 3893 292 3956 dl
302 3895 352 3958 καὶ
360 3890 416 3976 τὴν
425 3889 604 3980 Ἀφροδίτην
620 3891 774 3980 ἁλιγενῆ
788 3891 856 3970 τοὺς
866 3893 989 3978 ποιήτας
1005 3890 1232 3976 προςαγορεύειν

203 3988 302 4042 Venus
318 3993 345 4041 el
359 3987 422 4042 libri
525 3996 559 4047 55
579 3990 719 4062 Tyberine
733 3991 837 4062 duplic.
853 3986 928 4043 Meo.
1015 3986 1106 4039 Xauto
1123 3986 1221 4040 Saliae.

102 4126 105 4130 Α
245 4076 280 4130 56
302 4071 404 4127 Iliada
419 4073 525 4130 Nonius
600 4076 690 4145 neptis
706 4074 782 4131 Laid.
799 4074 882 4129 Nomi
956 4062 1189 4124 erumnastetuli¹¹i
1211 4070 1271 4123 cod.

162 4155 291 4210 Charisii.
307 4173 438 4213 erumnas
454 4159 575 4214 netulistl
591 4159 698 4215 Nomas
804 4163 838 4216 59
854 4156 892 4211 ad
907 4157 953 4208 illa
971 4170 993 4206 r.
1008 4170 1034 4206 n.
1052 4156 1084 4207 ‘e
1099 4153 1197 4210 Seruio
1211 4153 1271 4208 Do-

161 4242 254 4295 niclrs'
276 4240 390 4296 Merula
491 4248 527 4302 60
547 4245 671 4300 ecfatus:
687 4245 736 4313 ibi]
758 4249 785 4297 et
805 4244 861 4297 lata
881 4240 935 4296 sibi
949 4237 1073 4294 serat.
1089 4243 1116 4293 et
1132 4240 1206 4297 latus
1223 4238 1274 4294 toi·
