2932 4942
167 346 255 394 LVIII
571 334 880 404 pvnust'ionus

167 518 217 561 res
231 503 325 577 gessit
345 517 401 558 non
416 501 609 575 insigniores,
630 500 683 560 scd
698 518 773 578 quac
791 499 883 559 Ennio
899 518 997 560 ansam
1015 519 1086 559 suac
1102 502 1276 559 narrationis

168 607 312 686 praebere
331 615 461 685 possent.
488 606 533 666 ct.
552 608 682 667 Zonaras
693 606 760 667 vm
775 610 810 666 14
828 626 855 685 p.
871 604 937 663 152.
955 605 1022 665 I'III
1039 607 1076 666 lii
1098 625 1126 685 p.
1146 606 1205 666 159
1227 608 1274 667 cd.

167 714 257 774 Bonn.
282 712 376 791 Atque
393 712 466 772 inira
483 714 618 792 exemplo
633 714 782 773 ostendam
796 713 916 772 Ennium
931 713 1016 772 ctiam
1032 712 1100 771 alibi
1117 710 1208 772 uber'e
1224 731 1275 771 ex·

169 821 303 898 posuisse
320 819 471 895 derebus,
495 838 614 899 quarum
637 837 690 878 nos
712 820 798 880 ualde
820 819 927 880 exilem
946 819 1074 878 notitiam
1095 820 1274 897 accepimus.

168 928 227 987 Sed
249 945 312 986 eam
330 927 368 985 ob
386 929 554 986 tenuit-atem
569 927 726 986 memoriae
740 926 850 1003 Hugius
866 925 1060 985 arbitrabatur
1075 923 1195 985 Ennium
1219 943 1275 984 non

168 1036 203 1094 dc
215 1034 268 1094 illo
278 1032 404 1091 Seruilio
418 1051 504 1112 quem
520 1032 578 1092 dixi
594 1031 645 1091 sed
662 1032 698 1090 de
714 1033 825 1092 iuniore
838 1032 928 1110 loqui,
943 1050 980 1091 eo
995 1033 1043 1110 qni
1056 1033 1084 1090 in
1096 1049 1191 1110 pugna
1202 1028 1276 1090 Gan·

168 1142 250 1201 nensi
271 1140 385 1198 iortitcr
405 1155 552 1218 pugnasse
574 1140 775 1216 communique
798 1139 882 1198 clade
899 1140 1045 1199 sevidisse
1067 1140 1196 1199 traditor.
1229 1138 1275 1199 cf.

167 1248 263 1308 liuius
284 1243 365 1305 XXII
382 1244 432 1303 45.
454 1244 505 1304 49.
561 1243 646 1318 Quod
668 1246 723 1304 etsi
743 1245 804 1304 lieri
828 1247 959 1323 potuisse
981 1262 1037 1303 non
1059 1263 1153 1323 nego,
1175 1254 1275 1324 persto

168 1362 280 1426 tamen,
304 1351 438 1429 quoniam
459 1351 601 1410 recedere
624 1352 663 1411 nil
686 1353 781 1428 cogit,
805 1352 832 1409 In
851 1353 988 1411 memoria
1010 1350 1096 1411 Gellii
1116 1353 1164 1430 qui
1183 1350 1238 1411 XII
1257 1352 1276 1411 4

169 1479 185 1519 c
209 1458 350 1535 septimo,
379 1475 436 1516 non
464 1458 509 1516 cui
534 1458 584 1516 illc
607 1457 733 1516 uindIcat
761 1465 868 1516 octauo
896 1456 991 1517 annali
1024 1456 1214 1535 fragmentum
1236 1460 1276 1517 ci·

169 1566 255 1624 lauit:
287 1582 457 1643 quamquam
490 1581 591 1623 eorum
625 1564 813 1622 occasionem
844 1582 980 1623 uersuum
1014 1566 1122 1625 certius
1155 1564 1276 1624 deiinire

170 1690 222 1750 per
245 1690 280 1730 ea
302 1688 378 1748 qrrae
401 1669 438 1730 da
460 1671 594 1730 Seruiliis
615 1670 804 1749 perhibentur
826 1687 882 1728 non
904 1670 982 1730 licet.

255 1775 300 1836 Ad
326 1776 383 1836 hoc
408 1776 515 1837 bellum
547 1776 662 1836 ascribo
690 1785 844 1855 practerea
875 1777 910 1836 Ir.
934 1776 991 1853 IX,
1022 1778 1060 1838 de
1088 1795 1146 1855 quo
1173 1779 1276 1837 nescio

146 1880 149 1886 ’
168 1903 204 1943 an
225 1902 242 1942 e
260 1883 346 1944 Gellii
364 1883 464 1943 uerbis
480 1884 575 1944 XVIII
592 1884 610 1942 5
629 1889 680 1942 bos
697 1903 759 1943 enm
776 1891 901 1960 primum
917 1903 1018 1944 neruis
1032 1902 1188 1961 perperam
1204 1905 1275 1960 pro-

168 1998 338 2051 nuntiantem
354 1995 525 2049 nudinirnnr:
543 1994 658 2064 deniquae
669 2033 675 2044 .
686 1996 862 2065 ..proiciunt
877 2009 952 2055 cesa·
969 2009 1057 2067 neque
1074 1996 1164 2050 multis
1179 2000 1278 2065 postea

170 2101 295 2157 rrerribur
316 2100 417 2154 additis
440 2096 640 2153 celebrantibus
661 2114 721 2153 cuent
743 2100 971 2172 Iurednntiburqnc
1001 2101 1124 2157 omnibus
1145 2101 1277 2173 durescit,

171 2200 280 2277 conligi
302 2199 426 2274 debeat,
449 2215 507 2256 nou
523 2198 612 2275 longa
635 2199 705 2260 illud
720 2218 736 2259 a
754 2200 810 2260 fine
833 2201 898 2261 libri
920 2202 1046 2264 afuisse:
1070 2222 1155 2283 quem
1174 2204 1278 2263 librum

170 2306 236 2364 inde
259 2304 380 2383 adparet
407 2321 466 2362 non
488 2305 562 2362 Inter
581 2304 736 2364 inferiores
758 2305 849 2366 fuisse
877 2310 925 2386 qui
946 2310 981 2368 ad
1004 2309 1149 2388 publicam
1173 2312 1278 2370 recita·

171 2413 278 2471 tionem
300 2408 490 2487 deligeretur.
535 2408 653 2470 Poterat
672 2421 767 2470 autem
787 2431 891 2472 uersus
912 2414 982 2491 ille,
1005 2417 1148 2494 siquidem
1170 2417 1278 2477 bellum

171 2518 306 2578 Punicum
325 2517 445 2596 primum
467 2515 503 2575 ad
525 2525 686 2576 extremum
701 2517 805 2577 librum
825 2522 981 2597 pertinuit,
1005 2523 1053 2582 uel
1075 2524 1103 2581 in
1119 2521 1278 2602 Xanthippi

172 2641 268 2703 pugna
291 2623 386 2682 locum
407 2620 515 2681 habere
538 2622 614 2680 conl.
636 2622 759 2698 Polybio
780 2623 793 2682 I
815 2624 854 2684 34
877 2618 938 2703 ἅμα
958 2622 990 2686 δὲ
1010 2630 1052 2710 τῷ
1072 2617 1125 2690 τὸν
1142 2620 1278 2693 Ξάνθιπ-

170 2750 229 2790 πον
251 2733 312 2802 τοῖς
334 2725 387 2806 μὲν
407 2726 534 2789 ἐπὶτῶν
555 2729 673 2808 θηρίων
694 2732 890 2811 παραγγεῖλαι
911 2726 1054 2811 προάγειν
1075 2731 1127 2793 καὶ
1149 2733 1280 2793 διασπᾶν

171 2826 224 2909 τας
235 2838 294 2896 τῶν
304 2828 489 2895 ὑπεναντίων
506 2833 609 2911 τάξεις,
623 2839 684 2907 τοῖς
698 2825 724 2894 d'
742 2835 891 2913 ἱππεῦσιν,
909 2826 953 2913 ἐφ’
971 2835 1109 2919 ἑκατέρου
1123 2842 1177 2899 rori
1193 2837 1277 2918 κέρα·

171 2965 219 3016 τος
237 2945 369 3003 κυκλοῠν
386 2941 437 3002 καλ
453 2938 650 3023 προσβάλλειν
665 2948 726 3016 τοῖς
737 2944 884 3021 πολεμίοις
895 2948 957 3003 κτλ.
979 2943 1025 3004 CI.
1037 2943 1176 3006 Columna
1189 2943 1277 3024 pta.

256 3050 365 3109 Verum
389 3051 414 3108 si
439 3052 485 3110 cui
512 3068 548 3108 ne
572 3069 607 3110 ea
630 3050 745 3130 quidam
770 3069 854 3129 quam
882 3054 1006 3128 exposui
1027 3053 1139 3112 ratione
1159 3055 1279 3113 materia

172 3158 310 3217 sufiiccrc
335 3156 483 3232 uideatur,
513 3175 569 3236 qua
597 3166 676 3216 totus
704 3157 779 3216 liber
801 3157 908 3215 ceteris
934 3174 1068 3217 mensura
1096 3177 1153 3219 non
1181 3160 1280 3240 dispar

173 3264 344 3340 expleatur,
369 3265 477 3342 poterit
496 3263 545 3323 ille
563 3263 682 3323 inbono
702 3261 806 3322 librum
828 3263 936 3322 initium
957 3263 1071 3342 quidem
1090 3284 1186 3326 rerum
1204 3266 1280 3327 Han·

174 3367 276 3426 nibalis
298 3367 445 3446 relegare.
497 3367 550 3426 Cui
572 3370 615 3427 rei
638 3370 711 3428 inira
734 3367 887 3446 adparebit
909 3371 1032 3447 proximi
1054 3371 1120 3430 libri
1142 3374 1280 3454 reliquias

173 3490 231 3531 nou
251 3470 386 3531 obstare:
408 3491 472 3532 nam
492 3472 570 3550 quod
592 3472 631 3530 ibi
654 3472 774 3549 primum
797 3477 882 3551 posui
900 3480 989 3536 Poeni
1004 3483 1139 3554 inpendia
1157 3485 1283 3554 pendunt
1312 3529 1319 3537 .

174 3578 276 3637 incerti
302 3579 423 3636 nominis
451 3586 506 3636 est.
561 3573 669 3636 Contra
696 3578 890 3639 commendari
918 3599 953 3640 ea
979 3583 1053 3642 ratio
1081 3584 1140 3643 leui
1165 3587 1281 3664 septimi

174 3684 241 3745 libri
261 3684 387 3759 uestigio
410 3683 539 3742 uidetur:
563 3699 637 3759 quos
658 3685 734 3742 enim
759 3692 848 3762 potita
869 3684 904 3743 ir.
921 3684 989 3746 XIII
1013 3687 1145 3749 ‘habiles
1166 3690 1281 3767 gladios

175 3791 224 3850 iiio
247 3788 427 3867 gracilento'
451 3791 535 3864 dicit,
559 3789 586 3846 ei
607 3789 709 3848 nescio
732 3808 767 3849 an
788 3789 981 3868 Hispanorum
1003 3795 1076 3869 sint,
1099 3793 1136 3853 dc
1161 3811 1282 3873 quorum

174 3907 316 3958 armatura
344 3895 440 3954 Liuius
464 3892 519 3953 VII
541 3892 595 3951 10:
638 3898 767 3969 Hispano
795 3903 912 3973 cingitur
938 3903 1030 3974 plodio
1057 3903 1097 3958 cd
1119 3906 1283 3976 propiorem

173 4008 259 4064 babili
272 4023 416 4080 pugnum,
437 4008 467 4060 et
484 3997 566 4059 XXII
582 3999 639 4060 46:
663 4005 748 4060 Gallis
769 4006 958 4079 Hrbpcnr'cquc
978 4016 1057 4065 scuta
1079 4011 1199 4066 abadon
1219 4011 1282 4082 for-

173 4130 236 4170 mae
256 4114 320 4186 fere
340 4116 434 4181 mant,
458 4109 587 4178 dispcrcr
607 4125 643 4163 nc
667 4111 810 4166 daumiier
833 4114 932 4184 gladii,
961 4115 1049 4172 Gallis
1068 4115 1221 4188 praelongi
1248 4132 1284 4170 ac

172 4221 232 4275 sine
252 4217 441 4287 mucronibus,
464 4214 593 4287 Hispano
608 4218 734 4287 punctim
755 4221 843 4289 mageb
869 4236 953 4291 quum
974 4224 1076 4277 caesim
1098 4221 1211 4277 adsueto
1227 4236 1282 4294 pe-
