2932 4942
171 333 280 379 Lxxw
552 322 864 388 thusrtcrtus

257 487 337 563 Ergo
360 489 436 545 inter
450 487 590 545 Dentrunr
612 487 698 545 lortia
721 488 797 546 iacta
823 486 919 545 locum
941 482 1093 546 habuerint
1112 486 1186 545 haec
1206 504 1283 564 quae

173 613 190 653 e
222 593 425 653 certaminibus
457 592 607 670 desumpta
634 593 766 651 uidentur
794 593 953 668 fragmenta
982 592 1030 651 lll.
1060 593 1108 651 tv.
1137 592 1173 649 V.
1219 593 1282 652 Nec

172 709 266 758 tamen
295 698 369 757 huno
393 699 538 773 integrum
563 697 668 757 librum
693 707 781 777 poeta
808 699 965 757 Dentribus
995 699 1140 776 inpendit,
1174 701 1201 756 in
1224 716 1281 778 quo

173 806 221 864 uel
244 824 261 864 e
285 804 410 882 Philippi
439 813 569 863 extrema
596 807 652 864 uita
679 805 820 883 quaedam
846 803 943 863 habita
971 805 1062 863 luisse
1090 805 1137 864 hic
1165 824 1280 881 uersus,

173 912 314 990 siquidem
344 919 424 969 recte
454 910 623 984 emendam,
651 930 720 987 quoa
740 915 787 969 abt
806 930 861 970 rea
883 917 1002 985 populos
1021 917 1116 986 spear't
1137 918 1172 971 de
1193 920 1280 973 coarti-

173 1024 222 1079 bac
243 1024 321 1078 celsis
342 1016 415 1095 (lX)
440 1017 615 1076 documento
635 1025 689 1077 est.
734 1015 846 1092 Regem
869 1017 945 1074 enirn
960 1014 1122 1094 Philippum
1140 1019 1220 1093 dicit,
1244 1019 1280 1077 de

172 1142 229 1204 quo
259 1125 333 1183 hacc
362 1123 458 1181 Liuius
480 1122 529 1181 XL
552 1121 590 1180 21
622 1130 732 1180 narrat:
764 1127 863 1198 cupido
885 1143 945 1184 eam
968 1131 1133 1201 caporatie
1152 1133 1283 1187 earnem

171 1237 273 1290 Haemi
293 1237 390 1288 montis
411 1235 586 1303 ascendendi,
605 1235 670 1305 qaia
686 1234 816 1304 aalpatac
833 1237 955 1305 optatam
967 1237 1125 1290 crediderat
1139 1238 1282 1291 Ponticam

170 1344 251 1398 simut
272 1347 298 1395 et
319 1341 491 1396 Adriaticum
507 1356 585 1394 marc
607 1339 770 1394 erucarum
788 1354 896 1394 amnem
914 1349 940 1394 ot
953 1340 1039 1411 Alpes
1053 1344 1176 1412 conspici
1184 1358 1283 1412 posse:

170 1451 289 1505 sulacem
312 1448 397 1502 omelia
421 1462 454 1500 oa
483 1447 559 1501 baad
574 1449 664 1516 parui
687 1446 739 1499 sibi
761 1448 889 1499 momenti
911 1445 1011 1515 futura
1038 1450 1076 1502 ad
1096 1451 1283 1520 capitationem

171 1558 292 1611 Ronrom'
308 1555 376 1611 belli.
416 1548 460 1607 hc
482 1549 551 1607 licet
573 1547 669 1605 Liuius
692 1545 710 1604 l.
725 1545 743 1604 l.
763 1545 802 1603 22
824 1550 894 1604 nibil
914 1547 992 1606 dicat
1014 1554 1142 1624 rralpctcc
1163 1557 1285 1624 opinioni

170 1664 293 1733 depressi
313 1661 376 1714 inde
397 1659 594 1725 detraxerant,
626 1660 713 1728 mapic
731 1658 815 1711 credo
844 1671 878 1710 nc
900 1659 1009 1711 oronites
1036 1660 1141 1714 itirterr'a
1169 1660 1283 1715 ludibrio

169 1774 239 1822 crocet
269 1783 351 1837 qaam
379 1765 452 1835 qaod
478 1766 590 1819 diuersa
618 1765 689 1817 inter
716 1776 747 1815 se
774 1764 865 1815 oraria
893 1769 1049 1834 moratosque
1075 1769 1101 1818 et
1125 1781 1221 1820 aornos
1246 1782 1284 1820 ex

170 1891 223 1928 uno
250 1874 308 1927 loco
335 1875 459 1944 conspici
479 1874 633 1943 potuerint,
663 1873 757 1922 tamen
785 1863 853 1922 nihil
877 1864 1001 1941 inpedit,
1034 1883 1093 1944 qun
1111 1869 1204 1925 minus
1225 1866 1282 1926 En·

170 1976 245 2032 nium
262 1975 413 2033 credamus
431 1971 586 2042 cecinisse,
609 1970 744 2047 Philippo
760 1988 821 2028 rem
837 1987 921 2046 quarn
939 1981 1095 2047 expeteret
1110 1975 1281 2048 contigisse.

170 2079 296 2138 Adiunxi
313 2079 379 2137 huic
403 2077 497 2134 statim
521 2083 620 2133 cetera
640 2093 719 2154 quae
741 2076 776 2134 ad
791 2074 952 2153 Philippum
968 2079 1107 2137 attineant
1121 2080 1282 2156 fragmenta

171 2184 207 2242 X.
229 2183 280 2242 Xl.
305 2181 368 2242 Xll.
413 2180 534 2240 Duobus
567 2182 641 2239 eninr
673 2184 753 2240 annis
783 2191 850 2260 post
876 2202 902 2242 a.
930 2203 958 2242 ιι.
990 2202 1016 2243 c.
1041 2182 1104 2243 573
1133 2183 1282 2262 Philippus

170 2292 270 2364 senio,
298 2298 327 2367 ut
357 2289 453 2348 Liuius
475 2290 513 2348 ait
536 2288 556 2346 l.
579 2287 598 2346 l.
621 2287 680 2362 54,
709 2297 739 2346 et
766 2306 901 2349 maerore
925 2299 1113 2368 consumptus
1136 2291 1281 2349 decessit:

170 2416 225 2476 qua
252 2398 468 2474 opportunitate
498 2402 587 2473 poeta
615 2403 645 2453 et
670 2395 852 2471 superiorem
866 2398 959 2474 ,regis
978 2398 1067 2456 uitam
1087 2398 1201 2473 attingit
1222 2396 1281 2475 (X)

171 2511 200 2560 et
225 2501 361 2579 exemplo
383 2501 419 2560 ab
441 2502 506 2560 anni
528 2499 670 2561 aetatibus
694 2501 823 2577 repetito·
842 2501 928 2582 (ΧΠ)
953 2503 1086 2562 inlustrat
1108 2502 1179 2561 illud
1205 2501 1283 2578 quod

170 2608 240 2667 dicit
262 2620 327 2682 post
355 2618 443 2666 aetate
464 2613 559 2681 pipret
580 2610 712 2680 subferre
737 2611 858 2665 laborem
884 2605 967 2685 (Xl).
1013 2607 1193 2684 Fragmentis
1218 2607 1281 2666 Vll.

170 2713 237 2773 Vlll
257 2713 367 2790 Hugius
386 2711 505 2771 Fabium
519 2709 671 2770 Maximum
695 2712 841 2790 designari
861 2714 1002 2788 cogitarit
1018 2713 1111 2790 (conl.
1130 2711 1283 2772 Ciceronis

169 2816 282 2877 Catone
302 2804 411 2877 narare
426 2819 458 2893 4,
481 2818 536 2877 10:
559 2822 627 2875 serra
640 2823 753 2893 peresa
765 2829 795 2876 or
807 2824 979 2891 accrescens,
996 2826 1154 2895 campane
1167 2825 1283 2895 pronas

169 2933 267 2996 erret).-
299 2943 384 3004 quem
411 2932 499 3001 poeta
527 2925 618 2985 relata
649 2923 796 3001 Scipionis
825 2935 919 2985 morte
948 2936 988 2998 (a.
1008 2946 1036 2986 u.
1060 2945 1087 2985 c.
1111 2926 1172 2986 569
1203 2927 1281 2985 cont.

169 3031 249 3089 Liuio
265 3029 390 3089 XXXIX
405 3031 463 3110 52)
486 3032 558 3091 belli
573 3031 671 3090 Punici
688 3039 848 3113 temporum
863 3029 1025 3095 admonitus
1043 3032 1071 3090 in
1088 3033 1281 3109 comparatio·

169 3155 235 3223 nem
259 3137 423 3196 asciuisset.
475 3137 543 3216 lpse
572 3138 640 3197 olim
662 3123 919 3214 Philopoemenem
951 3136 1060 3196 alarum
1095 3138 1280 3197 Achaeorum

169 3243 489 3321 ducom·'suspicahar,
525 3260 580 3301 nec
606 3260 680 3300 nunc
706 3225 836 3319 paenitet
860 3241 1047 3317 suspitionis:
1079 3261 1165 3321 quem
1192 3243 1280 3302 facile

169 3353 281 3407 ‘ratum
310 3350 337 3406 in
366 3351 497 3424 regimen
527 3347 656 3424 bellique
686 3349 808 3423 peritum
831 3352 950 3405 seuem’
981 3351 1120 3409 nominari
1148 3351 1279 3427 potuisse

171 3454 337 3512 concedes:
362 3455 439 3515 conl.
463 3454 543 3513 Liuio
565 3444 690 3509 XXXIX
710 3453 760 3511 49.

257 3558 379 3619 Ceteras
409 3559 491 3617 huius
518 3557 584 3617 libri
606 3557 746 3635 reliquias
768 3559 842 3616 iuter
864 3561 1021 3623 certamina
1043 3577 1107 3618 cum
1127 3560 1281 3637 Liguribus

171 3667 323 3726 commissa
343 3675 372 3724 et
388 3663 482 3722 Fuluii
497 3662 596 3722 Flacci
620 3681 668 3721 res
686 3664 714 3721 in
731 3661 887 3722 Celtiberis
905 3675 1006 3741 gestas
1021 3665 1171 3724 distribuo.
1202 3665 1281 3740 Quas

169 3791 218 3831 res
242 3788 300 3849 quo
322 3770 523 3844 inlustrarem‚
547 3788 564 3828 e
587 3768 668 3828 hiuio
691 3769 740 3829 Xh
760 3767 879 3828 25-31
914 3769 996 3830 hausi
1020 3788 1095 3849 quae
1114 3770 1171 3829 hnc
1192 3773 1281 3848 perti·

169 3896 240 3937 nere
267 3853 442 3934 uiderentur.
494 3874 575 3951 Ergo
601 3874 632 3933 h.
664 3875 805 3935 Aemilius
832 3874 938 3934 Paulus
973 3878 1115 3955 principio
1142 3880 1222 3936 ueris
1254 3897 1280 3938 a.

169 3984 228 4043 571
261 3983 288 4039 in
311 3981 432 4057 Ligures
461 3980 605 4056 lugaunos
634 3979 745 4039 induxit
772 3981 948 4039 exercitum:
983 3983 1012 4039 in
1030 3981 1155 4042 hostium
1178 3984 1281 4042 finibus

169 4098 264 4148 castra
286 4089 383 4165 posuit
398 4104 492 4164 prope
510 4105 525 4145 a
543 4087 701 4147 mantibus:
726 4086 848 4162 Ligures
865 4095 960 4144 autern
973 4098 1037 4161 port
1053 4106 1100 4149 eoo
1113 4094 1190 4163 ipsos
1204 4108 1280 4146 mon-

169 4206 207 4252 tes
289 4200 412 4253 exercitu
425 4199 500 4253 omni
519 4204 613 4252 coacto
625 4204 737 4267 reponte
756 4199 926 4252 mzdtdadiac
946 4200 1049 4269 taqorrtr'
1061 4204 1158 4252 caetra
1173 4198 1276 4253 Roma·
