2932 4942
596 328 853 390 PRAEFATIO
1003 321 1006 325 ’
1218 334 1285 381 xm

170 495 316 581 corrige:
339 495 419 561 ‘sed
439 450 604 580 ignobiles
620 503 732 558 tamen
753 500 786 556 et
808 491 954 579 opulenti
973 483 1048 554 ἀντὶ
1070 483 1288 580 ἆὸᾳξούντων

170 613 225 680 καὶ
244 611 443 680 δοκούντων
468 636 494 678 s.
518 613 547 681 f-.,
563 636 589 678 e.
612 635 645 677 n.
665 612 851 711 uidentur'l
924 610 987 674 254
1013 608 1124 691 nescio
1147 629 1190 671 an
1214 607 1289 671 reli·
1326 659 1327 662 ,
1424 655 1429 663 .

160 734 299 818 -giosiua
314 732 464 798 codicum
482 732 632 818 uestigiis
646 709 791 795 seruatis¹
808 730 856 793 ita
877 726 1117 792 emendandum
1136 727 1195 791 eii:
1216 747 1288 791 uum

169 859 269 930 cuiq.
293 873 324 916 u.
347 859 368 916 i.
389 859 427 916 iu
448 857 543 916 diem
562 857 710 930 repeliunt
796 849 858 912 258
880 855 926 912 ire
947 854 1024 912 illuc
1038 850 1117 910 lubet
1133 845 1289 909 Hertzius
1338 841 1345 855 “

172 969 321 1053 olibrii,
350 977 388 1035 ut
407 969 545 1035 uidetur.
624 967 870 1054 Iphigeniae
888 966 977 1031 XIII
1004 967 1040 1030 in
1066 960 1191 1029 Donati
1217 978 1289 1028 uer:

96 1112 102 1121 ·
172 1087 224 1153 bia
244 1087 306 1153 sub
325 1071 510 1153 ancillae
531 1107 673 1172 persona
691 1084 847 1174 latenlem
867 1065 1076 1151 Achillem
1099 1080 1289 1169 Schopenuo

174 1207 311 1291 agnouit
393 1204 537 1271 Medea
558 1204 651 1269 exul
674 1203 692 1267 Ι
712 1211 787 1289 post
803 1203 957 1269 Rhetoris
976 1224 1125 1267 uersum:
1149 1204 1291 1266 ‘utinam

175 1346 216 1388 ne
244 1330 319 1389 era’
347 1345 377 1388 e.
406 1347 440 1412 q.
467 1345 500 1388 a..
523 1324 711 1411 Kayserns:
748 1323 875 1386 ‘animo
903 1330 1020 1406 aegro,
1053 1341 1164 1386 amore
1192 1343 1290 1388 saeuo
1354 1412 1357 1419 Ι

175 1442 305 1507 saucia’
342 1438 421 1512 addi
445 1440 547 1508 iubet
631 1441 694 1504 282
727 1440 851 1506 scribe:
886 1421 1093 1515 lucelwilre·
1123 1446 1292 1506 incoliaude

81 1540 85 1547 ¹
174 1560 304 1628 Ratiub.
325 1567 544 1627 inermium
563 1559 706 1644 Rhedig.
725 1561 745 1622 2
763 1558 907 1646 Kayseri
992 1560 1303 1625 neocororum.

59 1666 65 1672 ⁸
175 1681 255 1744 iecit
275 1652 451 1767 'Kayserua
484 1679 569 1744 conl.
602 1654 688 1742 Plin'.
718 1675 760 1741 N.
789 1677 833 1743 H.
862 1677 915 1742 IX
942 1681 983 1743 54
1066 1680 1132 1742 326
1164 1681 1293 1764 corrige

176 1809 259 1861 cerlo
439 1868 442 1873 ,
1384 1869 1387 1874 .

262 1911 606 2001 Heduphagetica
647 1920 685 1980 lle
708 1920 749 1981 ds‘
772 1918 931 1996 phapilieu'
956 1901 1293 1981 ausibusscrilrsilin-
1347 1980 1351 1987 ,

179 2037 378 2098 numerabilia
397 2054 513 2112 penca
527 2041 658 2115 piscium
679 2034 796 2118 Laur.,
823 2035 911 2100 unde
933 2035 981 2099 oio
1002 2036 1165 2121 corrigas:
1196 2040 1294 2116 hedy-

173 2157 336 2232 pllupelicu
349 2158 484 2219 uersibus
495 2156 614 2219 scribsit
624 2165 662 2234 el
675 2160 737 2218 iun.
747 2176 777 2234 p.
784 2176 820 2235 p
885 2156 1068 2241 copuorierui
1133 2159 1146 2218 l
1163 2161 1296 2220 omuibus

177 2280 211 2337 ul
230 2275 334 2353 Clipea
418 2259 552 2338 2uerius
571 2294 649 2354 pera
736 2276 826 2360 2sq.
847 2277 983 2361 abidijrm
1002 2282 1131 2358 mitilene
1146 2276 1173 2335 ἲ
1188 2286 1295 2354 pecten

137 2455 140 2459 .
177 2396 402 2471 carudmmque
422 2396 509 2473 apud
529 2384 688 2457 umbraue
699 2399 770 2470 fluis
856 2399 875 2458 4
904 2399 1053 2459 brundisii
1070 2386 1179 2474 surpu's
1203 2394 1296 2458 bouus

110 2537 114 2544 ·
177 2519 222 2574 esi
284 2515 308 2574 4·
321 2531 376 2596 eq..
390 2530 518 2592 ntupum
531 2518 560 2576 si
571 2494 725 2577 eriisurue
740 2517 912 2591 apricirlum
972 2520 1104 2591 lurpeuli
1187 2516 1296 2577 lisur-

178 2635 258 2693 renli
278 2615 403 2710 lelopern
426 2629 504 2718 (nisi
525 2650 585 2717 pro
606 2636 654 2696 iel.
676 2637 726 2694 est
744 2638 816 2708 uel.)
899 2635 1039 2709 lucemus
1054 2640 1200 2712 :pluucum
1223 2643 1298 2712 apul

136 2773 139 2780 ·
179 2767 283 2812 cumas
309 2754 350 2828 qd
432 2747 597 2814 Vereuum
619 2755 650 2813 7.
669 2749 700 2812 8.
718 2752 737 2812 9
761 2748 895 2815 exhibet
916 2748 1064 2814 ordinem
1084 2751 1254 2836 uulgatum

223 2871 242 2929 7
264 2849 452 2933 melanurum
464 2875 667 2948 muriamque
681 2874 787 2932 umbra
802 2875 891 2947 suque
977 2871 996 2933 8
1018 2890 1141 2956 scarum
1150 2875 1300 2949 praeterii

179 2989 262 3051 Iouis
277 3008 357 3067 pene
376 2993 496 3066 suppmi
582 2990 621 3050 10
634 2992 757 3066 polipus
778 2993 895 3052 corclre
966 2992 1020 3053 '10
1036 3010 1085 3074 oq.
1105 2996 1208 3052 carne·
1216 3007 1298 3065 pur·
1341 3000 1344 3005 ’

123 3156 131 3167 .
177 3107 261 3184 pura*
284 3109 445 3167 marriculi
462 3122 563 3167 mures

178 3290 182 3296 ,
268 3217 538 3312 Epicharmus
584 3225 598 3283 1
621 3226 771 3288 somniare
792 3243 839 3288 mc
859 3236 889 3290 el
907 3245 962 3306 epo
981 3223 1077 3290 Leid.
1099 3247 1119 3289 a
1140 3223 1163 3290 b

268 3334 350 3399 Ino.
373 3333 440 3402 lib.
462 3318 535 3404 rel.
556 3336 671 3404 LVIII
693 3331 765 3406 uero
785 3347 912 3428 eaquae]
935 3366 1007 3410 uere
1026 3366 1094 3432 euq3
1119 3327 1256 3411 Leid.b

227 3459 400 3521 acrostichis
425 3455 521 3525 Leid.
542 3458 575 3537 h.
605 3437 775 3542 ucrolliicls
800 3462 896 3532 Leid.
925 3487 955 3530 a.
991 3471 1172 3532 ucroscliicis
1198 3464 1298 3531 Vind.

184 3579 359 3640 ueroscliilis
386 3576 457 3642 Erl.
549 3601 590 3646 ex
614 3586 724 3661 prunis
750 3604 857 3648 uersus
884 3589 989 3663 litteris
1016 3584 1116 3651 Vind.
1144 3597 1186 3651 'ee
1208 3593 1302 3667 primi

184 3715 290 3757 uersus
310 3678 416 3759 litteris
435 3695 530 3762 Leid.
546 3717 567 3760 a
586 3707 618 3763 et
641 3697 722 3787 (nisi
742 3701 830 3787 quod
850 3700 957 3787 lileri‘s)
980 3703 1050 3769 Erl.
1072 3712 1206 3787 exprimi
1225 3728 1300 3772 uer-

185 3819 351 3877 sustuleris
363 3812 494 3885 Loiub
580 3783 798 3910 uliquilVind.
885 3829 1047 3887 coueclilur
1059 3822 1261 3890 VinuLeid.
1270 3845 1300 3888 a.

185 3936 374 4019 cossueclilur
392 3931 487 3998 Leiu
501 3933 533 3999 b.
556 3947 740 4005 connectitur
758 3939 829 4004 Erl.
918 3945 967 4025 0.]
990 3962 1068 4022 quae
1087 3940 1186 4007 Vind.
1204 3940 1300 4006 Leid.

103 4044 108 4051 ’
187 4047 250 4113 ab.
272 4045 329 4128 [rue
350 4050 420 4115 Erl.
444 4053 477 4118 in
496 4052 624 4119 Leid.c
645 4055 965 4143 locusdesideratur.
1010 4060 1162 4145 Denique
1180 4079 1301 4122 nouum

187 4166 287 4232 Ennii
306 4190 438 4234 uersum
460 4179 492 4235 et
514 4172 657 4238 ostendit
681 4183 713 4238 et
735 4177 855 4262 eripuit
877 4187 943 4242 una
964 4176 1180 4258 Ritschelius,
1210 4176 1303 4243 illum

187 4288 243 4374 qui
266 4267 370 4353 estin
393 4287 529 4355 detectis
551 4313 655 4377 nuper
670 4291 840 4359 Ciceronis
864 4294 906 4360 de
922 4294 992 4358 fato
1014 4293 1117 4359 libelli
1139 4292 1302 4380 fragmen-
