2932 4942
662 319 897 376 annatlvu

764 487 812 558 xl

332 604 489 674 Incedunt
507 605 644 674 arbusta
658 606 820 696 peralta,
846 608 1019 678 securibus
1036 610 1187 696 caedunt,

332 707 520 777 Percellunt
534 730 682 800 ,magnas
704 731 865 801 quercus,
889 713 1051 782 exciditur
1071 714 1149 796 ilex,

245 820 304 879 195
332 810 496 879 Fraxinus
516 811 681 903 frangitur
702 816 802 904 atque
823 813 914 882 abies
934 817 1155 885 consternitur
1172 818 1248 900 alta,

332 914 436 982 Pinus
458 936 616 1005 proceras
636 921 848 1005 peruortrmt:
875 937 973 986 omne
994 920 1134 988 sonabat

332 1017 515 1086 Arbustum
537 1017 669 1087 fremitu
689 1017 785 1087 siluai
807 1020 988 1091 frondosai.

727 1152 843 1224 mr

335 1271 398 1356 Qui
421 1273 559 1344 antehac
580 1275 692 1343 inuicti
713 1276 864 1360 fuerunt,
887 1279 982 1366 pater
1003 1274 1125 1365 optime
1143 1272 1287 1368 Olympi,

332 1376 404 1446 Hos
422 1383 540 1469 elego
562 1377 595 1446 in
611 1401 728 1472 pugna
748 1378 812 1447 uici
827 1379 1003 1471 uictusque
1024 1401 1100 1447 sum
1120 1379 1162 1446 ab
1181 1380 1296 1450 isdem.

677 1542 682 1551 .
705 1543 711 1551 .
739 1513 837 1584 Xffl*

242 1639 305 1700 200
331 1630 400 1700 Nec
419 1633 463 1701 mi
484 1655 601 1703 aurum
622 1655 727 1726 posco
749 1654 812 1703 nec
827 1633 871 1702 mi
891 1631 1032 1723 pretium
1050 1632 1222 1704 dederitis:

332 1735 406 1804 Non
430 1741 657 1828 cauponantes
678 1737 800 1806 bellum
822 1737 882 1806 sed
905 1736 1150 1828 belligerantes,

331 1837 434 1909 Ferro
458 1862 526 1910 non
547 1862 630 1910 auro
651 1841 752 1910 uitam
770 1861 943 1910 cernamus
964 1838 1105 1932 utrique.

331 1940 448 2012 Vosne
466 1944 546 2013 uelit
560 1967 604 2013 an
618 1967 671 2014 mc
691 1966 835 2036 regnare
852 1966 911 2013 era
928 1941 1051 2035 quidue
1072 1944 1157 2012 lerat
1173 1941 1257 2010 Fors

228 2156 255 2207 p.
272 2139 324 2191 504
341 2141 399 2192 Jan.
426 2144 635 2208 ‘pulueruleutus
652 2160 731 2208 eques
748 2143 822 2194 furit:
848 2158 937 2193 omnes
954 2158 1026 2192 arma
1040 2143 1180 2206 requirunt.
1201 2141 1277 2207 [Aen.
1292 2144 1341 2191 l'll

228 2208 291 2274 625]
312 2211 409 2261 Ennium
428 2214 453 2261 in
473 2224 546 2265 sexto
568 2216 621 2264 ...'
692 2213 729 2263 XI
745 2213 890 2263 Macrobius
904 2212 1033 2263 Satvla
1047 2228 1074 2278 p.
1086 2212 1138 2265 513
1150 2213 1208 2262 Jan.
1234 2214 1300 2260 ‘itur
1313 2213 1341 2261 iu

228 2281 359 2341 antiquam
372 2281 466 2331 siluam
480 2283 582 2333 stabula
595 2284 647 2333 alta
659 2282 780 2333 terarum.
809 2283 980 2332 Procumbunt
994 2283 1098 2346 piceae,
1117 2292 1191 2332 sonat
1203 2283 1254 2330 ieta
1267 2298 1341 2331 secu-

227 2349 300 2398 ribus
320 2348 387 2409 ilex,
413 2352 605 2416 Fraxincaeque
625 2353 725 2412 trabes,
745 2353 833 2402 cuneis
849 2360 874 2401 et
891 2352 972 2401 flssile
992 2352 1070 2400 robur
1081 2351 1226 2402 Scinditur:
1250 2351 1341 2400 aduol-

228 2425 292 2467 uunt
315 2419 431 2484 ingentes
449 2423 578 2472 montibus
598 2436 683 2472 ornos.
713 2421 789 2487 [Aen.
814 2423 851 2470 Vl
872 2421 932 2485 179]
959 2422 1057 2470 Ennius
1076 2422 1102 2471 in
1121 2430 1194 2471 sexto

264 2487 313 2537 Xll
332 2488 437 2539 Orosius
450 2491 514 2540 lVl
535 2493 597 2542 ‘sed
610 2491 722 2556 Pyrrhus
744 2493 901 2541 atrocitatem
920 2490 1015 2540 cladis'
1040 2490 1249 2556 (Heracleensem
1264 2487 1340 2553 dicit)

229 2561 323 2622 ‘quam
335 2557 385 2608 hoc
400 2559 469 2610 bello
483 2571 633 2626 exceperat,
653 2561 760 2611 dissuis
772 2560 971 2623 hominibusque
985 2567 1092 2610 testatus
1106 2570 1160 2619 est,
1178 2560 1294 2625 adtigens
1308 2562 1340 2607 ti-

227 2627 309 2676 tulum
322 2628 349 2676 in
362 2629 458 2694 templo
472 2630 602 2680 Tarentini
614 2633 697 2689 louis,
716 2631 805 2692 inquo
818 2630 882 2680 baec
898 2631 1016 2694 scripsit:
1037 2631 1096 2692 qui'
1116 2647 1139 2680 e.
1153 2646 1178 2692 q.
1195 2645 1216 2678 s.
1244 2629 1340 2678 Eadem
1375 2658 1379 2673 .

227 2699 254 2748 iu
266 2697 339 2747 Pauli
359 2698 466 2749 Diaconi
480 2701 545 2750 lliat.
559 2701 632 2751 Misc.
646 2702 670 2750 ll
685 2699 719 2753 lo
732 2716 759 2765 p.
777 2699 828 2750 785
849 2699 890 2749 ed.
914 2702 925 2748 l
946 2699 1044 2749 Gruter.
1065 2700 1117 2765 legi
1136 2699 1209 2748 testis
1227 2698 1341 2748 Naelrius

228 2774 276 2817 est.
307 2767 389 2817 Ennio
400 2769 465 2818 Lud.
480 2770 586 2819 Lautius
606 2770 748 2820 uindicauit
763 2783 866 2819 uersus:
886 2769 1024 2830 dequibus
1036 2769 1210 2819 memorabilis
1227 2776 1266 2816 est
1280 2767 1340 2817 Nie-

227 2836 315 2886 bubrii
333 2839 458 2888 sententia
476 2840 540 2889 Hist.
552 2840 624 2889 ltom.
640 2840 676 2888 lll
687 2839 747 2890 ooo.
779 2837 817 2888 Gi.
835 2837 948 2887 Naekius
962 2837 1056 2902 Opuac.
1076 2839 1086 2886 l
1104 2839 1156 2888 212
1176 2839 1220 2900 qui
1240 2845 1265 2886 et
1283 2838 1340 2902 ipse

227 2922 319 2956 uersus
331 2908 461 2958 Ennianos
475 2909 564 2969 habet,
584 2909 714 2974 mitigatos
731 2908 840 2958 tortasse
855 2907 887 2957 ab
900 2921 945 2966 eo,
965 2909 1007 2956 cui
1020 2907 1125 2958 Orosius
1138 2907 1230 2965 debet,
1250 2906 1338 2955 Liuio:

228 2991 292 3041 quos
308 2977 352 3027 ille
370 2978 500 3045 eleganter
513 2979 562 3028 hoc
623 2994 695 3029 ecoe
715 2977 876 3044 igrammatio
889 2979 1030 3042 expressit:
1058 2973 1113 3026 Ζεῦ
1131 2968 1233 3040 πάτερ,
1257 2969 1287 3025 οἳ
1307 2968 1339 3023 τὸ

227 3037 370 3130 πάροιθεν
393 3039 525 3098 ἀνίκατον
550 3047 636 3098 πλον
657 2995 775 3111 dt'vdpec,
801 3038 841 3096 Ol
859 3038 911 3111 ple
932 3037 1125 3110 ἐνικήθησαν,
1147 3036 1289 3110 ἐνικήθην
1307 3038 1339 3092 δὲ

227 3131 301 3181 προς
319 3106 424 3167 αὐτῶν.
494 3119 557 3168 Xlll
576 3118 664 3169 Cicero
678 3120 710 3169 de
726 3117 770 3167 off.
786 3120 797 3167 l
815 3117 857 3177 12,
871 3115 906 3167 38
927 3116 1032 3181 ‘Pyrrhi
1053 3116 1157 3178 quidem
1179 3116 1212 3166 de
1230 3116 1340 3180 captiuis

227 3187 366 3239 reddendis
381 3188 426 3237 illa
442 3188 575 3253 praeclara
587 3189 712 3239 sententia
731 3196 782 3236 est:
807 3187 867 3236 nec’
886 3203 909 3235 e.
924 3202 949 3248 q.
964 3201 985 3234 s.
1020 3185 1130 3250 ‘regalis
1144 3199 1206 3234 saue
1224 3192 1249 3235 et
1261 3186 1340 3249 digua

228 3257 398 3306 Aeacidarum
421 3272 514 3321 genere
536 3259 679 3308 seutentia.’
713 3257 819 3307 Seruius
838 3257 864 3304 in
882 3255 946 3304 Aen.
966 3255 1015 3304 XII
1035 3254 1085 3315 709
1110 3256 1190 3303 ‘inter
1204 3271 1232 3304 se
1246 3255 1339 3304 coiisse

227 3327 299 3376 uiros
311 3334 337 3376 et
349 3341 452 3376 cernere
464 3325 546 3378 terro:
563 3343 625 3378 uera
639 3335 665 3378 et
678 3328 783 3390 antiqua
795 3326 859 3377 haec
872 3332 911 3376 est
924 3324 1009 3374 lectio.
1044 3340 1104 3374 uam
1115 3326 1225 3374 Ennium
1237 3333 1339 3374 secutus

271 3551 322 3606 194
340 3549 496 3619 percellant
511 3548 601 3622 Neap.
707 3553 759 3609 196
778 3567 914 3622 proceros
929 3549 998 3605 Par.
1015 3567 1149 3622 proceres
1168 3551 1248 3623 Artpt
1262 3550 1338 3606 Med.

227 3631 318 3703 Neap.
404 3640 569 3702 pernortunt
581 3636 662 3707 Artpl.
680 3634 770 3706 Neap.
792 3642 955 3705 peruertunt
973 3638 1058 3691 ceteri
1161 3640 1213 3696 198
1229 3637 1340 3691 luerunt

226 3717 352 3789 Heym'ue
369 3716 469 3788 Opusc.
490 3721 571 3775 acad.
586 3719 700 3780 11130.
724 3720 802 3774 tuere
818 3721 871 3774 uiri
888 3718 1001 3781 mosius
1087 3722 1134 3792 qui
1155 3722 1253 3777 inuicti
1275 3729 1338 3775 ante

228 3804 306 3858 tuere
315 3803 367 3857 uiri
375 3802 482 3858 Paulus
551 3855 553 3859 .
567 3807 618 3863 199
630 3812 657 3859 et
669 3803 845 3876 egoPaulus.
857 3821 912 3876 ego
922 3803 1066 3873 Ονοείιε·ἱ
1105 3805 1207 3861 iisdem
1216 3805 1338 3873 Orosius,

225 3887 333 3943 Paulus
437 3893 491 3947 200
505 3881 636 3959 pretium]
652 3905 751 3945 aurum
758 3889 928 3944 Bambam.
936 3906 985 3962 pr.
1001 3891 1135 3962 (pretium
1150 3907 1227 3946 corr.
1239 3907 1274 3944 m.
1289 3892 1338 3945 alt.

226 3973 381 4037 recentior)
488 3977 538 4032 901
568 3990 624 4027 uon
646 3972 721 4028 Oebl.
743 3990 795 4028 nec
816 3977 901 4029 ceteri
983 3976 1136 4048 Aeschylus
1158 3975 1268 4047 Septem
1286 3981 1339 4034 596

226 4043 325 4114 ἐλθὼν
339 4042 369 4113 e’
385 4049 480 4115 ἔοικεν
494 4043 531 4114 οὐ
546 4049 740 4131 καπηλεύσειν
752 4045 849 4132 μάχην
862 4058 902 4131 cf.
918 4060 950 4116 c.
967 4060 1102 4117 canam
1118 4060 1153 4115 n.
1169 4060 1201 4115 ι.
1217 4058 1296 4120 1119

267 4145 321 4202 003
342 4158 391 4199 era
408 4143 509 4198 Bamb.
526 4143 576 4198 ab
597 4141 686 4198 Bern.
701 4160 719 4197 a
734 4143 762 4199 d.
789 4142 860 4212 hera
880 4147 962 4218 00190
1049 4148 1107 4201 tors
1121 4146 1251 4218 plerique
1267 4145 1337 4209 libri

226 4226 374 4283 barabbas
386 4228 425 4282 ad
440 4228 512 4284 Hor.
531 4226 590 4284 Sat.
604 4225 624 4282 1
639 4235 664 4296 1,
678 4233 705 4285 2.
722 4245 784 4284 sors
802 4227 878 4284 Oete.
