2932 4942
634 338 866 397 tunnulvu

739 505 773 576 X

300 695 680 715 .......
733 643 799 712 tusi
818 643 890 713 sine
908 646 1016 711 mente

212 758 270 820 135
297 751 348 819 Ao
369 749 441 818 siue
463 768 566 817 sensu
589 744 656 815 ullo
678 746 815 817 iaceant.

299 1037 425 1106 Adnuit
445 1057 521 1107 sese
541 1056 670 1105 mecum
693 1033 870 1105 decernere
891 1034 991 1102 ferro.

721 1185 783 1255 XII

300 1323 402 1392 Ferro
422 1345 459 1392 se
481 1322 592 1393 eaedei
613 1345 712 1416 quam
733 1322 827 1393 dictis
851 1322 902 1391 Ius
923 1321 1089 1390 toleraret.

713 1474 788 1547 XIII

297 1611 388 1681 Haec
407 1611 492 1681 inter
509 1634 586 1682 sese
603 1616 673 1683 tum
693 1611 884 1707 [certabant]
904 1610 1092 1696 tuditantes.

713 1763 794 1836 xlv
845 1844 849 1851 .

298 1899 436 1984 Quande
457 1904 532 1970 tuas
553 1924 669 1974 omnes
688 1902 842 1995 legiones
861 1898 1089 1992 depopularis

700 2053 768 2124 XV
783 2053 800 2090 *

208 2197 269 2258 140
297 2239 555 2257 .....
608 2191 768 2259 tractatus
790 2211 850 2283 per
873 2210 1021 2282 aequora
1037 2185 1154 2279 campi.

195 2405 288 2469 quest!
314 2405 424 2454 EunIoui
435 2417 525 2453 uersus
538 2405 691 2469 perticulam
705 2407 822 2457 iuterisse
834 2407 920 2474 prodit
928 2406 1002 2456 Pauli
1013 2406 1102 2471 glossa
1170 2405 1195 2454 X
1212 2404 1311 2454 Nonius

194 2473 522 2542 p‚312‚tu⁴run‹tere,
542 2474 713 2539 prosternere,
733 2477 825 2528 iacere.
848 2479 928 2543 Verg.
939 2478 1003 2526 Aen.
1020 2475 1065 2525 Iib.
1077 2477 1101 2524 1:
1121 2490 1197 2539 quem
1210 2482 1310 2539 septem

194 2544 308 2611 iugentia
327 2545 409 2594 uictor
429 2542 543 2608 Corpore
562 2543 653 2594 qudnt
673 2546 760 2597 humo.
795 2547 827 2596 Et
846 2549 911 2597 Aen.
927 2546 971 2595 Iib.
986 2547 1025 2595 Il:
1051 2545 1113 2594 tusi’
1130 2561 1154 2596 o.
1169 2561 1196 2608 q.
1211 2560 1232 2594 s.
1264 2544 1310 2609 (Et

194 2612 271 2678 Asu]
287 2614 323 2663 Et
336 2613 459 2663 Ennius
473 2613 580 2674 Iunius,
600 2614 738 2665 Meroerus.
766 2616 893 2666 Ennius
911 2630 982 2680 sup.
999 2615 1055 2664 lib.
1071 2616 1148 2680 Img.
1164 2611 1240 2679 Iun.)

192 2684 230 2734 XI
248 2683 394 2733 Priscianus
409 2682 435 2731 X
449 2698 475 2748 p.
488 2681 540 2734 822
553 2683 582 2733 Ρ.
606 2685 640 2748 (l.
658 2700 684 2749 p.
704 2684 757 2736 480
775 2686 820 2737 Κ.)
847 2685 1030 2735 ‘uetustissimi
1049 2686 1212 2734 inueniuntur
1232 2685 1309 2734 etism

193 2752 361 2820 produxisse’
377 2753 575 2818 (paequtImom
585 2753 758 2819 perfectorum
771 2756 798 2804 iu
807 2757 835 2805 ui
848 2752 1033 2818 desinentium)
1047 2781 1082 2790 —
1098 2758 1208 2813 ‘annuo
1221 2754 1308 2803 moui.

192 2824 288 2873 Ennius
307 2824 333 2871 in
350 2823 417 2871 11..
434 2822 450 2870 .“
521 2822 571 2872 XII
590 2823 680 2873 Festus
696 2840 722 2890 p.
739 2823 835 2876 35611.
858 2825 1033 2883 ‘tolerare,
1053 2824 1179 2889 patienter
1192 2822 1307 2874 terre...

191 2894 288 2944 Ennius
304 2892 323 2941 l.
336 2893 360 2941 ll
382 2892 449 2941 ...¹
520 2892 583 2942 XIII
605 2893 696 2943 Festus
717 2894 862 2960 psoent.
896 2893 1143 2959 ‘[t]uditantes‚
1173 2893 1309 2943 tundentes

192 2962 350 3029 [negotium
374 2961 402 3011 id
417 2970 455 3011 est
469 2960 602 3028 eg]entes,
623 2962 770 3029 significare
792 2965 827 3014 ait
844 2964 947 3015 Cincius
964 2962 1008 3028 [de
1020 2963 1108 3012 uerbis
1122 2964 1224 3028 priscis.
1258 2960 1307 3024 En]

191 3033 250 3082 nius
265 3033 282 3082 1.
298 3033 396 3082 11..,.’
425 3029 464 3081 CI.
480 3033 514 3082 M.
531 3033 649 3083 Hertzius
664 3033 696 3084 de
710 3033 805 3084 Cissiis
820 3050 846 3100 p.
863 3035 897 3086 50
967 3033 1029 3082 XIV
1050 3033 1140 3083 Festus
1161 3049 1187 3098 p.
1205 3031 1253 3084 261
1273 3031 1307 3081 M.

192 3102 339 3166 ‘quamde
353 3116 401 3167 pro
415 3116 490 3164 quem
507 3117 568 3152 usos
583 3118 641 3153 esse
656 3104 775 3166 antiquos
791 3119 849 3154 oum
869 3103 942 3154 multi
958 3109 1057 3153 ueteres
1076 3103 1222 3153 testimonio
1240 3108 1308 3160 sunt,

191 3180 245 3222 tum
261 3173 358 3221 Ennius
377 3172 403 3220 in
423 3172 521 3237 primo:
540 3173 721 3238 Iuppiter...
742 3174 777 3223 ui.
806 3173 874 3223 idem
888 3175 913 3224 iu
932 3173 1044 3224 seeundo
1062 3208 1068 3219 .
1083 3208 1089 3221 .
1103 3173 1118 3220 .'
1148 3172 1232 3238 (tum
1247 3171 1309 3219 En-

193 3242 396 3292 niusVrsiuus.
412 3241 701 3293 tamenhuiuscod.
730 3244 766 3293 ui.
779 3243 849 3293 idem
860 3241 898 3309 in]
915 3245 1008 3309 impe
1022 3241 1079 3291 eod.
1105 3237 1309 3302 onlnexxvt)

258 3310 308 3359 XV
327 3310 440 3360 Iuoertus
455 3310 487 3360 de
502 3311 580 3362 uerbo
601 3311 691 3376 (Auel.
706 3312 818 3362 Vindob.
838 3329 864 3379 p.
879 3310 943 3377 173)
971 3316 1136 3362 ‘tractare
1158 3326 1237 3376 saepe
1256 3317 1308 3358 trs-

190 3549 246 3604 uite
258 3547 376 3605 Vrsinus
383 3565 436 3622 mp.
450 3555 479 3604 ut
486 3554 512 3603 te
524 3550 595 3606 idem
603 3553 633 3606 in
640 3569 707 3608 ann.
795 3557 848 3612 134
861 3569 902 3627 sq.
914 3555 984 3610 tusis
997 3554 1109 3621 (tusissi
1117 3532 1236 3620 Gentes.)
1247 3552 1307 3607 siue

189 3638 282 3688 mente
298 3633 407 3688 assiae
423 3635 480 3689 uIIo
496 3634 548 3689 sed
563 3638 742 3692 subducerent
755 3637 843 3694 Bern.
860 3656 878 3693 a
894 3639 995 3695 Gmeu.
1019 3639 1116 3694 Iusissi
1139 3639 1200 3694 stne
1216 3642 1307 3691 mente

107 3772 112 3781 ,
190 3735 223 3774 ae
239 3719 300 3774 sine
315 3719 372 3773 ullo
389 3719 566 3775 subiacerent
587 3724 681 3777 ceteri.
707 3724 764 3778 uIIo
780 3739 868 3778 sensu
888 3725 1013 3779 iacerent
1028 3723 1153 3779 Rotdr‘us.
1179 3724 1261 3778 susus
1282 3721 1308 3775 si

189 3804 251 3884 stne
275 3808 368 3858 ruente
395 3819 429 3858 ao
456 3804 564 3860 uiribus
589 3808 675 3862 orbus
699 3808 803 3862 iaceret
825 3808 865 3864 H.
887 3808 1027 3880 [noratur
1132 3812 1184 3867 136
1212 3805 1309 3860 adnuit

189 3889 278 3946 Bern.
290 3887 433 3944 Holderst.
449 3890 547 3944 annuit
562 3893 647 3946 ceteri
731 3909 795 3948 sese
811 3909 865 3948 om.
877 3893 978 3966 Letpd„
992 3910 1028 3948 m.
1041 3893 1090 3947 alt.
1101 3893 1166 3947 add.
1178 3894 1209 3949 in
1220 3889 1306 3961 Sana.

290 3976 341 4033 137
359 3972 448 4030 caede
463 3973 524 4029 eod.
543 3974 624 4030 osedi
645 3975 764 4032 Vresms
869 3982 922 4036 138
939 3997 971 4034 se
987 3984 1074 4033 totum
1090 4014 1253 4032 ..........
1264 3981 1307 4031 tes

188 4059 249 4115 eod.
271 4075 335 4114 sese
355 4064 413 4114 tota
437 4058 465 4114 ui
492 4059 531 4113 illi
552 4059 703 4117 tuditantes
727 4061 758 4118 0.
779 4062 942 4121 Muellerus.
966 4080 997 4119 se
1019 4068 1078 4118 toto
1100 4063 1128 4117 ui
1154 4061 1307 4118 tuditantes

189 4143 323 4216 Sealtper.
340 4160 404 4200 sese
419 4143 537 4199 tuditant
556 4145 585 4200 ui
599 4145 800 4205 contendentes
818 4147 857 4204 Η.
874 4145 1012 4221 Ilberpins
1120 4150 1172 4207 139
1194 4143 1306 4219 quande

189 4234 251 4284 tuas
274 4228 400 4287 Vrsinus.
416 4246 491 4325 quan
507 4228 547 4284 dit
559 4246 611 4287 uas
627 4231 687 4289 cod.
