2932 4942
606 338 833 395 ΕΝΝΙΑΝΑΕ
1235 354 1281 400 LV

171 499 252 574 (inc.
282 497 345 557 sed.
369 495 455 576 XLI)
477 500 689 578 praedicaret’.
735 501 951 562 Freinshemius
975 503 1125 583 Suppiem.
1149 506 1220 566 Liuii
1240 506 1282 568 111

170 600 226 663 28:
250 602 288 664 ci.
311 603 361 663 45.

626 772 753 836 GAPVT
774 775 815 835 1v

255 940 325 999 Res
344 939 499 1000 Punicas
518 941 627 1002 Ennius
642 943 735 1003 tribus
751 943 851 1021 libris,
872 946 986 1005 nisime
1003 945 1077 1005 fallit
1093 948 1209 1026 opinio,
1228 951 1278 1010 ab·

170 1046 276 1122 soluit,
307 1064 428 1125 quorum
457 1067 542 1107 unum
567 1050 596 1108 in
617 1051 727 1129 primo,
757 1051 832 1111 duos
855 1061 989 1111 octauum
1009 1061 1039 1112 et
1057 1070 1163 1112 nonum
1181 1056 1210 1113 iu
1232 1074 1279 1116 se·

169 1153 263 1213 cundo
297 1152 377 1212 bello
409 1155 549 1232 inpendit.
594 1155 699 1235 Neque
728 1158 803 1216 enim
835 1160 955 1236 primum
985 1157 1093 1219 beilum
1126 1161 1279 1238 praeteriit

168 1260 301 1335 omnino,
339 1267 369 1318 ut
399 1278 456 1320 non
484 1263 578 1341 potuit
606 1271 673 1340 apte
700 1271 756 1322 tam
789 1264 913 1342 amplam
945 1274 1101 1344 tantaeque
1129 1266 1280 1343 grauitatis

168 1366 317 1426 materiam
341 1368 505 1443 praeterire
527 1369 700 1446 praesertim
722 1369 750 1427 in
775 1372 902 1430 carmine
925 1378 1088 1449 perpetuo,
1120 1371 1206 1448 quale
1231 1389 1279 1431 an·

168 1471 251 1532 nales
276 1471 367 1531 ruisse
396 1471 445 1530 uel
473 1489 579 1532 nomeu
607 1473 713 1533 indicio
743 1484 799 1534 est.
845 1474 940 1535 Potuit
968 1476 996 1534 in
1018 1476 1076 1536 hoc
1097 1476 1177 1536 bello
1201 1495 1278 1537 com-

168 1576 338 1657 pendiosius
367 1579 497 1654 uersari,
538 1588 569 1639 ut
596 1588 763 1658 exponeret
790 1599 839 1639 res
867 1582 1037 1658 grauiores,
1074 1583 1204 1643 leuiores
1232 1595 1280 1645 aut

169 1684 317 1744 omitteret
340 1691 388 1742 aut
407 1692 542 1763 quantum
561 1686 649 1746 nexui
668 1704 764 1745 rerum
786 1686 936 1746 seruiebat
954 1689 1183 1767 perstringeret:
1207 1707 1278 1769 quo·

167 1791 244 1850 niam
271 1790 300 1847 in
327 1806 364 1848 eo
392 1800 562 1868 argumento
595 1809 653 1850 non
682 1792 721 1850 ita
752 1791 842 1850 multo
870 1801 937 1852 ante
966 1794 1121 1872 operosius
1151 1793 1278 1855 Naeuius

169 1894 346 1958 claborarat.
382 1893 455 1955 Nam
473 1893 648 1957 Ciceronem
670 1915 728 1956 non
750 1906 821 1977 puto
844 1907 951 1957 tantum
972 1919 1004 1960 re
1023 1910 1174 1978 praestare
1191 1921 1279 1982 quan·

167 2011 227 2062 tum
248 2001 341 2061 uerbo
365 2001 451 2078 dicit,
479 2022 543 2062 cum
563 2001 686 2062 Ennium
707 2002 810 2063 Naeuii
833 2022 920 2064 causa
940 1994 1054 2065 ‘omnia
1076 2005 1154 2066 bella
1176 2025 1278 2086 persc-

169 2117 307 2188 quentem
340 2108 461 2187 primum
494 2108 564 2169 iliud
597 2108 733 2169 Punicum
764 2111 934 2170 acerrimum
968 2109 1076 2171 beilum
1103 2111 1278 2192 reliquissc'

168 2224 310 2275 memorat
332 2212 411 2274 Bruti
436 2214 491 2290 19,
514 2215 565 2274 76.
609 2212 698 2274 Cuius
718 2215 818 2275 uerbis
840 2217 888 2296 qui
910 2215 1120 2294 obtemperarit
1142 2208 1279 2277 accurate

168 2322 312 2381 neminem
327 2320 395 2379 noui
414 2327 533 2396 praeter
543 2318 731 2380 Niebuhrium
746 2323 774 2380 in
789 2321 899 2382 scholis
915 2322 1090 2381 academicis
1107 2321 1144 2381 de
1158 2320 1279 2381 historia

168 2428 298 2488 Romana
315 2425 327 2487 l
347 2425 398 2501 24,
415 2433 444 2483 ct
457 2423 656 2504 obtemperari
673 2429 715 2486 eis
734 2437 834 2487 uetant
853 2427 927 2487 adeo
944 2426 1086 2505 quaedam
1101 2444 1175 2505 quae
1191 2425 1279 2486 hodie

169 2552 260 2615 super
282 2542 347 2592 sunt
369 2532 540 2609 fragmenta.
579 2530 645 2592 Non
667 2532 733 2593 dico
757 2552 821 2593 eum
842 2551 959 2592 uersum
987 2549 1044 2611 quo
1072 2533 1135 2592 sine
1158 2531 1223 2592 libri
1244 2550 1280 2593 ac

169 2647 278 2720 poetae
293 2639 401 2699 indicio
419 2635 526 2697 Cicero
545 2637 581 2696 de
597 2639 654 2698 iuu.
670 2639 683 2698 l
700 2640 753 2716 19,
771 2639 811 2698 27
834 2641 936 2699 utitur:
959 2642 1068 2714 Appius
1085 2642 1186 2697 indixit
1200 2641 1278 2696 Kur-

169 2749 382 2824 tdopinicnsibur
395 2748 493 2803 bellum
512 2742 607 2821 (lv),
630 2746 678 2824 qui
695 2746 810 2825 quidem
827 2747 851 2804 si
869 2743 953 2804 Ennii
973 2751 1090 2802 estnon
1109 2753 1208 2822 potest
1223 2762 1280 2803 non

170 2853 206 2913 ad
221 2852 342 2931 primum
364 2847 473 2907 bellum
492 2847 628 2909 Punicum
651 2853 809 2929 pertinere.
831 2848 876 2911 cf.
895 2850 1024 2910 Zonaras
1039 2847 1108 2908 Vlll
1128 2849 1146 2910 8
1173 2868 1202 2929 p.
1220 2848 1280 2910 132

170 2959 218 3019 ed.
243 2958 334 3018 Bonn.
358 2954 498 3030 Polybius
529 2955 542 3015 1
572 2955 610 3013 12
643 2965 672 3015 et
699 2957 871 3036 praesertim
893 2955 989 3014 Liuius
1018 2953 1115 3013 XXXI
1146 2958 1170 3017 1.
1215 2956 1279 3016 Nec

170 3065 252 3124 nimis
275 3061 468 3122 obdurescam
495 3069 543 3120 aut
570 3060 598 3118 in
616 3060 653 3122 ir.
675 3062 733 3138 vl,
758 3062 836 3142 quod
859 3061 914 3119 etsi
936 3077 974 3118 cx
997 3066 1103 3117 octauo
1124 3059 1209 3119 Ennii
1229 3061 1278 3121 ad·

169 3172 263 3232 fertur
289 3186 306 3228 a
328 3166 423 3227 Nonio
451 3185 479 3246 p.
508 3166 583 3241 151,
611 3165 670 3243 25,
701 3169 770 3229 mihi
800 3166 915 3229 uixdum
946 3163 1060 3224 dubium
1090 3173 1136 3223 est
1165 3164 1233 3242 quin
1263 3184 1280 3225 a

170 3277 281 3339 diecula
304 3282 386 3335 recte
409 3273 438 3331 in
460 3273 535 3333 hunc
563 3271 667 3330 librum
697 3271 865 3332 translatum
887 3272 938 3330 sit:
969 3277 1017 3329 aut
1038 3270 1066 3328 in
1087 3269 1122 3333 fr.
1145 3268 1171 3328 V
1192 3269 1279 3348 Hugii

170 3380 331 3456 beneficio,
355 3397 420 3438 cum
437 3397 453 3438 a
470 3377 622 3438 Macrohio
647 3376 707 3436 Sat.
721 3376 763 3435 vl
782 3378 796 3435 1
818 3395 848 3455 p.
866 3377 927 3439 500
945 3377 1008 3437 Jan.
1026 3380 1143 3437 esexto
1164 3376 1279 3451 citetur,

170 3486 238 3546 huic
265 3487 359 3546 annali
387 3487 532 3546 restituto.
577 3482 662 3557 Quod
687 3483 739 3542 iiie
762 3482 876 3542 firmare
899 3483 993 3561 potuit
1014 3481 1063 3540 uel
1086 3481 1143 3541 hoc
1166 3481 1279 3557 Polybii

171 3589 275 3651 loooi
306 3592 362 3668 19,
383 3591 417 3651 2:
443 3579 604 3670 ἀναλαβών
630 3589 823 3668 (Hannonem
852 3589 943 3667 dicit)
972 3582 1009 3648 τά
1035 3609 1065 3646 τε
1091 3586 1186 3667 θηρία
1213 3585 1280 3666 περὶ

170 3689 353 3776 πεντήκοντα
383 3689 434 3758 τὸν
463 3686 595 3776 ἆριθμὸν
618 3687 689 3755 ὅντα
716 3692 766 3754 καὶ
794 3687 850 3772 τὴν
875 3684 983 3771 λοιπὴν
1012 3685 1140 3770 δύναμιν
1161 3685 1281 3753 ἅπασαν

170 3805 282 3883 προῆγε
305 3794 382 3863 κατὰ
407 3804 542 3880 σπουδὴν
572 3798 604 3860 ἐκ
628 3803 680 3878 τῆς
699 3792 889 3879 Ἡρακλείας·
917 3797 1174 3879 παραγγείλας
1200 3800 1280 3866 τοῖς

172 3908 415 3985 Νομαδικοῖς
436 3908 594 3968 ἱππεῦσι
620 3899 934 3985 προπορεύεσθαι
958 3902 1010 3964 καὶ
1032 3901 1218 3981 σονεγγίσασι
1238 3901 1283 3981 κρῖ
1311 3892 1318 3903 “

172 4007 280 4093 χάρακι
301 4017 360 4074 τῶν
387 4011 528 4073 ἐναντίων
552 4008 693 4092 ἐρεθίζειν
714 4008 764 4069 καὶ
787 4013 951 4090 πειρᾶσθαι
973 4001 1042 4080 τοὺς
1064 4006 1160 4074 ίππεῖς
1181 3994 1280 4062 αὐτῶν

173 4115 379 4179 ἐκκαλεῖσθαι·
409 4112 533 4179 κᾶπειτα
553 4111 644 4176 πάλιν
666 4114 835 4177 ἒκκλίνασιν
856 4109 1035 4195 ἀποχωρεῖν,
1064 4107 1117 4179 ἕως
1137 4097 1177 4166 du
1198 4095 1281 4183 αὐτῷ

172 4225 345 4303 συμμίξασα
382 4223 447 4298 Quo
468 4224 547 4282 uisus
566 4240 624 4299 ego
647 4223 683 4282 ad
705 4223 813 4282 initium
831 4221 902 4281 belii
924 4219 1022 4278 rettuli
1039 4230 1171 4288 uersum,
1195 4229 1280 4289 quem
