<?xml version="1.0" encoding="UTF-8"?>
<!DOCTYPE html PUBLIC "-//W3C//DTD XHTML 1.0 Transitional//EN"
    "http://www.w3.org/TR/xhtml1/DTD/xhtml1-transitional.dtd">
<html xmlns="http://www.w3.org/1999/xhtml" xml:lang="en" lang="en">
 <head>
  <title>
</title>
<meta http-equiv="Content-Type" content="text/html;charset=utf-8" />
  <meta name='ocr-system' content='tesseract 3.04.00' />
  <meta name='ocr-capabilities' content='ocr_page ocr_carea ocr_par ocr_line ocrx_word'/>
</head>
<body>
  <div class='ocr_page' id='page_1' title='image "./ennianaepoesisr00ennigoog_0114.png"; bbox 0 0 2932 4942; ppageno 0'>
   <div class='ocr_carea' id='block_1_1' title="bbox 550 284 1265 407">
    <p class='ocr_par' dir='ltr' id='par_1_1' title="bbox 550 284 1265 407">
     <span class='ocr_line' id='line_1_1' title="bbox 550 284 1265 407; baseline 0.001 -13"><span class='ocrx_word' id='word_1_1' title='bbox 550 284 564 299; x_wconf 82' lang='grc'><strong>’</strong></span> <span class='ocrx_word' id='word_1_2' title='bbox 589 335 833 407; x_wconf 77' lang='lat' dir='ltr'>nnnovmn</span> <span class='ocrx_word' id='word_1_3' title='bbox 1224 329 1265 395; x_wconf 77' lang='lat'>13</span> 
     </span>
    </p>
   </div>
   <div class='ocr_carea' id='block_1_2' title="bbox 253 502 1263 705">
    <p class='ocr_par' dir='ltr' id='par_1_2' title="bbox 253 502 1263 705">
     <span class='ocr_line' id='line_1_2' title="bbox 778 502 794 541; baseline 0 0"><span class='ocrx_word' id='word_1_4' title='bbox 778 502 794 541; x_wconf 70' lang='lat' dir='ltr'>¹l¹</span> 
     </span>
     <span class='ocr_line' id='line_1_3' title="bbox 253 504 1263 705; baseline -0.005 -24"><span class='ocrx_word' id='word_1_5' title='bbox 253 612 435 705; x_wconf 88' lang='lat' dir='ltr'>Postquam</span> <span class='ocrx_word' id='word_1_6' title='bbox 456 609 607 681; x_wconf 80' lang='lat' dir='ltr'><strong>consistit</strong></span> <span class='ocrx_word' id='word_1_7' title='bbox 626 504 831 701; x_wconf 60' lang='lat' dir='ltr'>IIuItIIlqui</span> <span class='ocrx_word' id='word_1_8' title='bbox 857 611 909 677; x_wconf 88' lang='lat' dir='ltr'>est</span> <span class='ocrx_word' id='word_1_9' title='bbox 932 606 1075 677; x_wconf 91' lang='lat' dir='ltr'>omnibu&#39;</span> <span class='ocrx_word' id='word_1_10' title='bbox 1098 609 1263 700; x_wconf 85' lang='lat' dir='ltr'>princeps,</span> 
     </span>
    </p>
   </div>
   <div class='ocr_carea' id='block_1_3' title="bbox 256 713 772 883">
    <p class='ocr_par' dir='ltr' id='par_1_3' title="bbox 256 713 772 883">
     <span class='ocr_line' id='line_1_4' title="bbox 256 713 581 800; baseline -0.003 -16"><span class='ocrx_word' id='word_1_11' title='bbox 256 713 320 800; x_wconf 82' lang='lat' dir='ltr'>Qui</span> <span class='ocrx_word' id='word_1_12' title='bbox 342 715 405 784; x_wconf 90' lang='lat' dir='ltr'>sub</span> <span class='ocrx_word' id='word_1_13' title='bbox 428 715 581 784; x_wconf 79' lang='lat' dir='ltr'>caeruleo</span> 
     </span>
     <span class='ocr_line' id='line_1_5' title="bbox 643 810 772 883; baseline 0 0"><span class='ocrx_word' id='word_1_14' title='bbox 643 810 772 883; x_wconf 88' lang='lat' dir='ltr'>XLIX*</span> 
     </span>
    </p>
   </div>
   <div class='ocr_carea' id='block_1_4' title="bbox 151 916 1362 1738">
    <p class='ocr_par' dir='ltr' id='par_1_4' title="bbox 151 916 1362 1738">
     <span class='ocr_line' id='line_1_6' title="bbox 187 916 1045 1009; baseline -0.003 -20"><span class='ocrx_word' id='word_1_15' title='bbox 187 929 227 989; x_wconf 73' lang='lat' dir='ltr'>lo</span> <span class='ocrx_word' id='word_1_16' title='bbox 255 972 514 991; x_wconf 89' lang='grc'><strong>.....</strong></span> <span class='ocrx_word' id='word_1_17' title='bbox 569 919 668 1009; x_wconf 89' lang='lat' dir='ltr'>lupus</span> <span class='ocrx_word' id='word_1_18' title='bbox 686 916 808 987; x_wconf 83' lang='lat' dir='ltr'>lemine</span> <span class='ocrx_word' id='word_1_19' title='bbox 824 917 891 1003; x_wconf 82' lang='lat' dir='ltr'>leta</span> <span class='ocrx_word' id='word_1_20' title='bbox 909 918 1045 1007; x_wconf 87' lang='lat' dir='ltr'>repenle</span> 
     </span>
     <span class='ocr_line' id='line_1_7' title="bbox 255 1136 1265 1230; baseline -0.001 -24"><span class='ocrx_word' id='word_1_21' title='bbox 255 1138 429 1230; x_wconf 84' lang='lat' dir='ltr'>Vergilius</span> <span class='ocrx_word' id='word_1_22' title='bbox 449 1139 534 1208; x_wconf 88' lang='lat' dir='ltr'>Aen.</span> <span class='ocrx_word' id='word_1_23' title='bbox 553 1137 630 1208; x_wconf 92' lang='lat' dir='ltr'>VIII</span> <span class='ocrx_word' id='word_1_24' title='bbox 648 1148 711 1210; x_wconf 86' lang='grc'>630</span> <span class='ocrx_word' id='word_1_25' title='bbox 739 1141 879 1210; x_wconf 79' lang='lat' dir='ltr'>‘fecerat</span> <span class='ocrx_word' id='word_1_26' title='bbox 899 1142 932 1208; x_wconf 90' lang='lat' dir='ltr'>el</span> <span class='ocrx_word' id='word_1_27' title='bbox 953 1138 1050 1208; x_wconf 86' lang='lat' dir='ltr'>uiridi</span> <span class='ocrx_word' id='word_1_28' title='bbox 1069 1138 1171 1208; x_wconf 89' lang='lat' dir='ltr'>letam</span> <span class='ocrx_word' id='word_1_29' title='bbox 1190 1136 1265 1206; x_wconf 87' lang='lat' dir='ltr'>Ma·</span> 
     </span>
     <span class='ocr_line' id='line_1_8' title="bbox 153 1237 1362 1334; baseline -0.002 -25"><span class='ocrx_word' id='word_1_30' title='bbox 153 1241 258 1311; x_wconf 87' lang='lat' dir='ltr'>nortis</span> <span class='ocrx_word' id='word_1_31' title='bbox 287 1241 321 1309; x_wconf 92' lang='lat' dir='ltr'>in</span> <span class='ocrx_word' id='word_1_32' title='bbox 352 1245 447 1310; x_wconf 84' lang='lat' dir='ltr'>antro</span> <span class='ocrx_word' id='word_1_33' title='bbox 468 1241 691 1312; x_wconf 83' lang='lat' dir='ltr'>Procubuisse</span> <span class='ocrx_word' id='word_1_34' title='bbox 718 1243 847 1334; x_wconf 86' lang='lat' dir='ltr'>lupam:</span> <span class='ocrx_word' id='word_1_35' title='bbox 884 1242 1037 1334; x_wconf 84' lang='lat' dir='ltr'>geminos</span> <span class='ocrx_word' id='word_1_36' title='bbox 1059 1241 1136 1310; x_wconf 88' lang='lat' dir='ltr'>huic</span> <span class='ocrx_word' id='word_1_37' title='bbox 1162 1240 1266 1309; x_wconf 89' lang='lat' dir='ltr'>ubera</span> <span class='ocrx_word' id='word_1_38' title='bbox 1360 1237 1362 1242; x_wconf 82' lang='grc'><strong>’</strong></span> 
     </span>
     <span class='ocr_line' id='line_1_9' title="bbox 152 1343 1265 1436; baseline -0.002 -23"><span class='ocrx_word' id='word_1_39' title='bbox 152 1345 273 1430; x_wconf 74' lang='lat' dir='ltr'>cineum</span> <span class='ocrx_word' id='word_1_40' title='bbox 297 1345 427 1414; x_wconf 84' lang='lat' dir='ltr'><strong>Ludere</strong></span> <span class='ocrx_word' id='word_1_41' title='bbox 452 1345 626 1436; x_wconf 86' lang='lat' dir='ltr'>pendentis</span> <span class='ocrx_word' id='word_1_42' title='bbox 651 1367 793 1436; x_wconf 84' lang='lat' dir='ltr'>pueros,</span> <span class='ocrx_word' id='word_1_43' title='bbox 823 1348 856 1415; x_wconf 87' lang='lat' dir='ltr'>el</span> <span class='ocrx_word' id='word_1_44' title='bbox 881 1346 1025 1416; x_wconf 79' lang='lat' dir='ltr'>lambere</span> <span class='ocrx_word' id='word_1_45' title='bbox 1048 1350 1185 1414; x_wconf 87' lang='lat' dir='ltr'>matrem</span> <span class='ocrx_word' id='word_1_46' title='bbox 1208 1343 1265 1412; x_wconf 95' lang='lat' dir='ltr'>ln-</span> 
     </span>
     <span class='ocr_line' id='line_1_10' title="bbox 151 1447 1264 1539; baseline -0.002 -23"><span class='ocrx_word' id='word_1_47' title='bbox 151 1449 292 1539; x_wconf 89' lang='lat' dir='ltr'>pauidos</span> <span class='ocrx_word' id='word_1_48' title='bbox 299 1472 309 1535; x_wconf 86' lang='lat'><em>3</em></span> <span class='ocrx_word' id='word_1_49' title='bbox 349 1447 440 1519; x_wconf 79' lang='lat' dir='ltr'>illam</span> <span class='ocrx_word' id='word_1_50' title='bbox 464 1449 559 1519; x_wconf 83' lang='lat' dir='ltr'>teneti</span> <span class='ocrx_word' id='word_1_51' title='bbox 592 1449 721 1519; x_wconf 83' lang='lat' dir='ltr'>ceruice</span> <span class='ocrx_word' id='word_1_52' title='bbox 750 1451 910 1519; x_wconf 82' lang='lat' dir='ltr'>reflexam</span> <span class='ocrx_word' id='word_1_53' title='bbox 932 1450 1077 1518; x_wconf 82' lang='lat' dir='ltr'>Mulcene</span> <span class='ocrx_word' id='word_1_54' title='bbox 1108 1447 1264 1530; x_wconf 84' lang='lat' dir='ltr'>alternos,</span> 
     </span>
     <span class='ocr_line' id='line_1_11' title="bbox 152 1550 1265 1644; baseline -0.002 -24"><span class='ocrx_word' id='word_1_55' title='bbox 152 1555 185 1620; x_wconf 89' lang='lat' dir='ltr'>et</span> <span class='ocrx_word' id='word_1_56' title='bbox 214 1573 356 1642; x_wconf 84' lang='lat' dir='ltr'>corpora</span> <span class='ocrx_word' id='word_1_57' title='bbox 382 1550 511 1644; x_wconf 82' lang='lat' dir='ltr'>fingere</span> <span class='ocrx_word' id='word_1_58' title='bbox 539 1553 675 1644; x_wconf 66' lang='lat' dir='ltr'>lngus!</span> <span class='ocrx_word' id='word_1_59' title='bbox 715 1551 854 1623; x_wconf 85' lang='lat' dir='ltr'>Seruius</span> <span class='ocrx_word' id='word_1_60' title='bbox 884 1553 917 1623; x_wconf 93' lang='lat' dir='ltr'>in</span> <span class='ocrx_word' id='word_1_61' title='bbox 947 1552 977 1621; x_wconf 89' lang='lat' dir='ltr'>h.</span> <span class='ocrx_word' id='word_1_62' title='bbox 1005 1552 1026 1620; x_wconf 92' lang='lat' dir='ltr'>l.</span> <span class='ocrx_word' id='word_1_63' title='bbox 1055 1552 1265 1621; x_wconf 87' lang='lat' dir='ltr'>‘sanetotus</span> 
     </span>
     <span class='ocr_line' id='line_1_12' title="bbox 151 1643 689 1738; baseline 0.002 -16"><span class='ocrx_word' id='word_1_64' title='bbox 151 1654 204 1723; x_wconf 87' lang='lat' dir='ltr'>hic</span> <span class='ocrx_word' id='word_1_65' title='bbox 222 1655 317 1723; x_wconf 84' lang='lat' dir='ltr'>locus</span> <span class='ocrx_word' id='word_1_66' title='bbox 336 1654 506 1738; x_wconf 82' lang='lat' dir='ltr'>Ennianus</span> <span class='ocrx_word' id='word_1_67' title='bbox 524 1643 600 1726; x_wconf 53' lang='lat' dir='ltr'>&#39;est’</span> <span class='ocrx_word' id='word_1_68' title='bbox 687 1655 689 1659; x_wconf 64' lang='grc'><em>”</em></span> 
     </span>
    </p>
   </div>
   <div class='ocr_carea' id='block_1_5' title="bbox 194 1770 908 1947">
    <p class='ocr_par' dir='ltr' id='par_1_5' title="bbox 194 1770 908 1947">
     <span class='ocr_line' id='line_1_13' title="bbox 727 1770 776 1817; baseline 0 0"><span class='ocrx_word' id='word_1_69' title='bbox 727 1770 744 1808; x_wconf 84' lang='lat'>*</span> <span class='ocrx_word' id='word_1_70' title='bbox 771 1808 776 1817; x_wconf 78' lang='grc'><strong>,</strong></span> 
     </span>
     <span class='ocr_line' id='line_1_14' title="bbox 194 1772 908 1947; baseline -0.001 -3"><span class='ocrx_word' id='word_1_71' title='bbox 194 1824 202 1849; x_wconf 22' lang='grc' dir='ltr'><strong>ᾳ</strong></span> <span class='ocrx_word' id='word_1_72' title='bbox 255 1874 322 1945; x_wconf 85' lang='lat' dir='ltr'>Fici</span> <span class='ocrx_word' id='word_1_73' title='bbox 341 1848 520 1947; x_wconf 80' lang='lat' dir='ltr'>duleilenae</span> <span class='ocrx_word' id='word_1_74' title='bbox 538 1772 818 1945; x_wconf 62' lang='lat' dir='ltr'>laetanlelslubere</span> <span class='ocrx_word' id='word_1_75' title='bbox 836 1876 908 1944; x_wconf 83' lang='lat' dir='ltr'>toto</span> 
     </span>
    </p>
   </div>
   <div class='ocr_carea' id='block_1_6' title="bbox 257 1993 1125 2189">
    <p class='ocr_par' dir='ltr' id='par_1_6' title="bbox 257 1993 1125 2189">
     <span class='ocr_line' id='line_1_15' title="bbox 257 1993 1125 2189; baseline -0.003 -23"><span class='ocrx_word' id='word_1_76' title='bbox 257 2095 382 2188; x_wconf 86' lang='lat' dir='ltr'>[Cliuis]</span> <span class='ocrx_word' id='word_1_77' title='bbox 404 2097 582 2182; x_wconf 82' lang='lat' dir='ltr'>decedunt,</span> <span class='ocrx_word' id='word_1_78' title='bbox 611 1993 924 2189; x_wconf 60' lang='lat' dir='ltr'>riuoIIamposque</span> <span class='ocrx_word' id='word_1_79' title='bbox 946 2099 1125 2164; x_wconf 75' lang='lat' dir='ltr'>remanant.</span> 
     </span>
    </p>
   </div>
   <div class='ocr_carea' id='block_1_7' title="bbox 150 2294 1266 3263">
    <p class='ocr_par' dir='ltr' id='par_1_7' title="bbox 150 2294 1266 3263">
     <span class='ocr_line' id='line_1_16' title="bbox 152 2294 1266 2362; baseline -0.003 -16"><span class='ocrx_word' id='word_1_80' title='bbox 152 2298 237 2347; x_wconf 88' lang='lat' dir='ltr'>Vnus</span> <span class='ocrx_word' id='word_1_81' title='bbox 260 2300 322 2348; x_wconf 89' lang='lat' dir='ltr'>erit</span> <span class='ocrx_word' id='word_1_82' title='bbox 342 2312 433 2362; x_wconf 90' lang='lat' dir='ltr'>quem</span> <span class='ocrx_word' id='word_1_83' title='bbox 452 2306 485 2347; x_wconf 91' lang='lat' dir='ltr'>tu</span> <span class='ocrx_word' id='word_1_84' title='bbox 505 2297 608 2349; x_wconf 87' lang='lat' dir='ltr'>tolles</span> <span class='ocrx_word' id='word_1_85' title='bbox 630 2300 663 2348; x_wconf 90' lang='lat' dir='ltr'>in</span> <span class='ocrx_word' id='word_1_86' title='bbox 681 2298 816 2349; x_wconf 81' lang='lat' dir='ltr'>eaerula</span> <span class='ocrx_word' id='word_1_87' title='bbox 834 2297 919 2347; x_wconf 81' lang='lat' dir='ltr'>eseli</span> <span class='ocrx_word' id='word_1_88' title='bbox 952 2294 1068 2346; x_wconf 88' lang='lat' dir='ltr'>Tumibi</span> <span class='ocrx_word' id='word_1_89' title='bbox 1089 2295 1193 2345; x_wconf 86' lang='lat' dir='ltr'>dixisti:</span> <span class='ocrx_word' id='word_1_90' title='bbox 1214 2295 1266 2344; x_wconf 90' lang='lat' dir='ltr'>sint</span> 
     </span>
     <span class='ocr_line' id='line_1_17' title="bbox 151 2364 1265 2434; baseline -0.002 -19"><span class='ocrx_word' id='word_1_91' title='bbox 151 2375 206 2416; x_wconf 84' lang='lat' dir='ltr'>rato</span> <span class='ocrx_word' id='word_1_92' title='bbox 219 2368 287 2417; x_wconf 85' lang='lat' dir='ltr'>dioto</span> <span class='ocrx_word' id='word_1_93' title='bbox 301 2369 388 2418; x_wconf 90' lang='lat' dir='ltr'>louis.&#39;</span> <span class='ocrx_word' id='word_1_94' title='bbox 459 2367 568 2417; x_wconf 83' lang='lat' dir='ltr'>XLVIII</span> <span class='ocrx_word' id='word_1_95' title='bbox 586 2369 678 2419; x_wconf 86' lang='lat' dir='ltr'>Fronto</span> <span class='ocrx_word' id='word_1_96' title='bbox 693 2370 775 2434; x_wconf 82' lang='lat' dir='ltr'>EpIst.</span> <span class='ocrx_word' id='word_1_97' title='bbox 791 2369 824 2418; x_wconf 92' lang='lat' dir='ltr'>de</span> <span class='ocrx_word' id='word_1_98' title='bbox 837 2375 900 2418; x_wconf 83' lang='lat' dir='ltr'>orat.</span> <span class='ocrx_word' id='word_1_99' title='bbox 915 2365 1001 2432; x_wconf 61' lang='lat' dir='ltr'>peta</span> <span class='ocrx_word' id='word_1_100' title='bbox 1014 2364 1055 2415; x_wconf 90' lang='lat' dir='ltr'>ed.</span> <span class='ocrx_word' id='word_1_101' title='bbox 1067 2366 1140 2415; x_wconf 84' lang='lat' dir='ltr'>Ilom.</span> <span class='ocrx_word' id='word_1_102' title='bbox 1160 2366 1201 2431; x_wconf 85' lang='lat' dir='ltr'>(p.</span> <span class='ocrx_word' id='word_1_103' title='bbox 1214 2364 1265 2414; x_wconf 76' lang='lat' dir='ltr'>lat</span> 
     </span>
     <span class='ocr_line' id='line_1_18' title="bbox 151 2435 1265 2503; baseline -0.004 -17"><span class='ocrx_word' id='word_1_104' title='bbox 151 2436 240 2502; x_wconf 87' lang='lat' dir='ltr'>Nieb.)</span> <span class='ocrx_word' id='word_1_105' title='bbox 266 2438 357 2488; x_wconf 86' lang='lat' dir='ltr'>‘Tiber</span> <span class='ocrx_word' id='word_1_106' title='bbox 375 2437 458 2487; x_wconf 83' lang='lat' dir='ltr'>amnis</span> <span class='ocrx_word' id='word_1_107' title='bbox 471 2443 496 2486; x_wconf 84' lang='lat' dir='ltr'>et</span> <span class='ocrx_word' id='word_1_108' title='bbox 510 2437 628 2488; x_wconf 90' lang='lat' dir='ltr'>dominus</span> <span class='ocrx_word' id='word_1_109' title='bbox 640 2446 666 2488; x_wconf 87' lang='lat' dir='ltr'>et</span> <span class='ocrx_word' id='word_1_110' title='bbox 678 2438 810 2488; x_wconf 81' lang='lat' dir='ltr'>fluentium</span> <span class='ocrx_word' id='word_1_111' title='bbox 825 2439 893 2488; x_wconf 85' lang='lat' dir='ltr'>elrea</span> <span class='ocrx_word' id='word_1_112' title='bbox 911 2443 1030 2503; x_wconf 78' lang='lat' dir='ltr'>regnator</span> <span class='ocrx_word' id='word_1_113' title='bbox 1046 2435 1180 2485; x_wconf 81' lang='lat' dir='ltr'>undarum.</span> <span class='ocrx_word' id='word_1_114' title='bbox 1214 2435 1265 2483; x_wconf 82' lang='lat' dir='ltr'>En-</span> 
     </span>
     <span class='ocr_line' id='line_1_19' title="bbox 150 2502 1263 2573; baseline -0.002 -19"><span class='ocrx_word' id='word_1_115' title='bbox 150 2507 222 2555; x_wconf 90' lang='lat' dir='ltr'>nius:</span> <span class='ocrx_word' id='word_1_116' title='bbox 248 2502 395 2573; x_wconf 83' lang='lat' dir='ltr'>postqusm&#39;</span> <span class='ocrx_word' id='word_1_117' title='bbox 422 2522 444 2555; x_wconf 91' lang='lat' dir='ltr'>e.</span> <span class='ocrx_word' id='word_1_118' title='bbox 465 2523 490 2570; x_wconf 88' lang='lat' dir='ltr'>q.</span> <span class='ocrx_word' id='word_1_119' title='bbox 516 2521 538 2556; x_wconf 89' lang='lat' dir='ltr'>s.</span> <span class='ocrx_word' id='word_1_120' title='bbox 572 2508 661 2559; x_wconf 83' lang='lat' dir='ltr'>Cicero</span> <span class='ocrx_word' id='word_1_121' title='bbox 679 2506 748 2558; x_wconf 85' lang='lat' dir='ltr'>Orat.</span> <span class='ocrx_word' id='word_1_122' title='bbox 770 2507 815 2569; x_wconf 82' lang='lat'>48,</span> <span class='ocrx_word' id='word_1_123' title='bbox 837 2507 886 2558; x_wconf 87' lang='grc'>161</span> <span class='ocrx_word' id='word_1_124' title='bbox 913 2507 963 2555; x_wconf 84' lang='lat' dir='ltr'>‘ita</span> <span class='ocrx_word' id='word_1_125' title='bbox 989 2505 1057 2555; x_wconf 91' lang='lat' dir='ltr'>enim</span> <span class='ocrx_word' id='word_1_126' title='bbox 1082 2505 1263 2567; x_wconf 75' lang='lat' dir='ltr'>loquebamur:</span> 
     </span>
     <span class='ocr_line' id='line_1_20' title="bbox 151 2574 1262 2643; baseline -0.002 -18"><span class='ocrx_word' id='word_1_127' title='bbox 151 2578 205 2639; x_wconf 91' lang='lat' dir='ltr'>qul</span> <span class='ocrx_word' id='word_1_128' title='bbox 226 2585 274 2626; x_wconf 89' lang='lat' dir='ltr'>est</span> <span class='ocrx_word' id='word_1_129' title='bbox 294 2577 426 2627; x_wconf 87' lang='lat' dir='ltr'>omnibu</span> <span class='ocrx_word' id='word_1_130' title='bbox 448 2577 617 2643; x_wconf 85' lang='lat' dir='ltr'>princeps,</span> <span class='ocrx_word' id='word_1_131' title='bbox 648 2592 699 2627; x_wconf 92' lang='lat' dir='ltr'>uon</span> <span class='ocrx_word' id='word_1_132' title='bbox 726 2579 844 2628; x_wconf 92' lang='lat' dir='ltr'>omnibus</span> <span class='ocrx_word' id='word_1_133' title='bbox 870 2576 1009 2642; x_wconf 69' lang='lat' dir='ltr'>priuoeps!</span> <span class='ocrx_word' id='word_1_134' title='bbox 1046 2574 1101 2624; x_wconf 83' lang='lat' dir='ltr'>Huo</span> <span class='ocrx_word' id='word_1_135' title='bbox 1120 2574 1197 2624; x_wconf 84' lang='lat' dir='ltr'>relert</span> <span class='ocrx_word' id='word_1_136' title='bbox 1221 2574 1262 2624; x_wconf 88' lang='lat' dir='ltr'>ed.</span> 
     </span>
     <span class='ocr_line' id='line_1_21' title="bbox 150 2644 1264 2712; baseline -0.003 -17"><span class='ocrx_word' id='word_1_137' title='bbox 150 2646 222 2712; x_wconf 86' lang='lat' dir='ltr'>Lips.</span> <span class='ocrx_word' id='word_1_138' title='bbox 293 2646 377 2696; x_wconf 87' lang='lat' dir='ltr'>XLIX</span> <span class='ocrx_word' id='word_1_139' title='bbox 396 2644 502 2696; x_wconf 87' lang='lat' dir='ltr'>Seruius</span> <span class='ocrx_word' id='word_1_140' title='bbox 516 2647 542 2694; x_wconf 93' lang='lat' dir='ltr'>in</span> <span class='ocrx_word' id='word_1_141' title='bbox 555 2647 620 2697; x_wconf 87' lang='lat' dir='ltr'>Aen.</span> <span class='ocrx_word' id='word_1_142' title='bbox 636 2645 726 2698; x_wconf 79' lang='lat'>11355</span> <span class='ocrx_word' id='word_1_143' title='bbox 749 2651 827 2698; x_wconf 83' lang='lat' dir='ltr'>‘sane</span> <span class='ocrx_word' id='word_1_144' title='bbox 849 2647 920 2710; x_wconf 81' lang='lat' dir='ltr'>apud</span> <span class='ocrx_word' id='word_1_145' title='bbox 939 2654 1038 2695; x_wconf 85' lang='lat' dir='ltr'>ueteres</span> <span class='ocrx_word' id='word_1_146' title='bbox 1057 2644 1134 2710; x_wconf 87' lang='lat' dir='ltr'>lupus</span> <span class='ocrx_word' id='word_1_147' title='bbox 1153 2645 1264 2710; x_wconf 85' lang='lat' dir='ltr'>promis-</span> 
     </span>
     <span class='ocr_line' id='line_1_22' title="bbox 151 2713 1262 2781; baseline -0.003 -17"><span class='ocrx_word' id='word_1_148' title='bbox 151 2731 226 2764; x_wconf 81' lang='lat' dir='ltr'>cuum</span> <span class='ocrx_word' id='word_1_149' title='bbox 251 2724 319 2776; x_wconf 85' lang='lat' dir='ltr'>erat,</span> <span class='ocrx_word' id='word_1_150' title='bbox 342 2716 453 2766; x_wconf 84' lang='lat' dir='ltr'>Ennius:</span> <span class='ocrx_word' id='word_1_151' title='bbox 473 2715 564 2780; x_wconf 87' lang='lat' dir='ltr'>lupus&#39;</span> <span class='ocrx_word' id='word_1_152' title='bbox 585 2733 608 2767; x_wconf 90' lang='lat' dir='ltr'>e.</span> <span class='ocrx_word' id='word_1_153' title='bbox 624 2733 648 2781; x_wconf 88' lang='lat' dir='ltr'>q.</span> <span class='ocrx_word' id='word_1_154' title='bbox 666 2732 688 2766; x_wconf 88' lang='lat' dir='ltr'>s.</span> <span class='ocrx_word' id='word_1_155' title='bbox 719 2718 809 2768; x_wconf 80' lang='lat' dir='ltr'>Festus</span> <span class='ocrx_word' id='word_1_156' title='bbox 827 2731 854 2781; x_wconf 89' lang='lat' dir='ltr'>p.</span> <span class='ocrx_word' id='word_1_157' title='bbox 872 2714 924 2765; x_wconf 81' lang='grc'>286</span> <span class='ocrx_word' id='word_1_158' title='bbox 937 2713 971 2764; x_wconf 86' lang='grc' dir='ltr'>Μ.</span> <span class='ocrx_word' id='word_1_159' title='bbox 993 2718 1073 2764; x_wconf 86' lang='lat' dir='ltr'>‘recto</span> <span class='ocrx_word' id='word_1_160' title='bbox 1086 2714 1171 2764; x_wconf 83' lang='lat' dir='ltr'>l‘ronte</span> <span class='ocrx_word' id='word_1_161' title='bbox 1186 2751 1192 2763; x_wconf 91' lang='lat'><strong>.</strong></span> <span class='ocrx_word' id='word_1_162' title='bbox 1210 2750 1216 2763; x_wconf 94' lang='lat'>.</span> <span class='ocrx_word' id='word_1_163' title='bbox 1231 2750 1262 2762; x_wconf 92' lang='lat'>..</span> 
     </span>
     <span class='ocr_line' id='line_1_23' title="bbox 150 2783 1264 2849; baseline -0.002 -16"><span class='ocrx_word' id='word_1_164' title='bbox 150 2786 269 2847; x_wconf 83' lang='lat' dir='ltr'>antiquae</span> <span class='ocrx_word' id='word_1_165' title='bbox 284 2786 312 2836; x_wconf 92' lang='lat' dir='ltr'>id</span> <span class='ocrx_word' id='word_1_166' title='bbox 325 2785 516 2835; x_wconf 78' lang='lat' dir='ltr'>consuetudinis</span> <span class='ocrx_word' id='word_1_167' title='bbox 532 2783 581 2835; x_wconf 89' lang='lat' dir='ltr'>luit</span> <span class='ocrx_word' id='word_1_168' title='bbox 595 2793 623 2836; x_wconf 90' lang='lat' dir='ltr'>ut</span> <span class='ocrx_word' id='word_1_169' title='bbox 640 2802 698 2836; x_wconf 87' lang='lat' dir='ltr'>oum</span> <span class='ocrx_word' id='word_1_170' title='bbox 718 2787 754 2836; x_wconf 86' lang='lat' dir='ltr'>ait</span> <span class='ocrx_word' id='word_1_171' title='bbox 769 2783 866 2836; x_wconf 81' lang='lat' dir='ltr'>Ennius</span> <span class='ocrx_word' id='word_1_172' title='bbox 882 2798 983 2847; x_wconf 89' lang='lat' dir='ltr'>quoque</span> <span class='ocrx_word' id='word_1_173' title='bbox 1001 2819 1099 2832; x_wconf 90' lang='grc'><em>.....</em></span> <span class='ocrx_word' id='word_1_174' title='bbox 1125 2791 1150 2832; x_wconf 89' lang='lat' dir='ltr'>et</span> <span class='ocrx_word' id='word_1_175' title='bbox 1164 2783 1264 2849; x_wconf 86' lang='lat' dir='ltr'>lupus</span> 
     </span>
     <span class='ocr_line' id='line_1_24' title="bbox 151 2853 1264 2922; baseline -0.002 -20"><span class='ocrx_word' id='word_1_176' title='bbox 151 2854 233 2903; x_wconf 65' lang='lat' dir='ltr'>leto)</span> <span class='ocrx_word' id='word_1_177' title='bbox 279 2853 449 2911; x_wconf 83' lang='lat' dir='ltr'>Quintillanus</span> <span class='ocrx_word' id='word_1_178' title='bbox 471 2853 522 2914; x_wconf 85' lang='lat' dir='ltr'>lo,</span> <span class='ocrx_word' id='word_1_179' title='bbox 540 2855 572 2904; x_wconf 85' lang='lat'>12</span> <span class='ocrx_word' id='word_1_180' title='bbox 600 2858 608 2882; x_wconf 85' lang='lat'><strong><em>⁴</em></strong></span> <span class='ocrx_word' id='word_1_181' title='bbox 615 2856 692 2922; x_wconf 87' lang='lat' dir='ltr'>lupus</span> <span class='ocrx_word' id='word_1_182' title='bbox 711 2855 897 2915; x_wconf 84' lang='lat' dir='ltr'>masculinum,</span> <span class='ocrx_word' id='word_1_183' title='bbox 919 2868 1072 2916; x_wconf 84' lang='lat' dir='ltr'>quamquam</span> <span class='ocrx_word' id='word_1_184' title='bbox 1091 2854 1172 2902; x_wconf 86' lang='lat' dir='ltr'>Varro</span> <span class='ocrx_word' id='word_1_185' title='bbox 1189 2854 1216 2901; x_wconf 88' lang='lat' dir='ltr'>in</span> <span class='ocrx_word' id='word_1_186' title='bbox 1233 2866 1264 2901; x_wconf 87' lang='lat' dir='ltr'>eo</span> 
     </span>
     <span class='ocr_line' id='line_1_25' title="bbox 151 2922 1264 2990; baseline -0.001 -20"><span class='ocrx_word' id='word_1_187' title='bbox 151 2922 215 2972; x_wconf 84' lang='lat' dir='ltr'>libro</span> <span class='ocrx_word' id='word_1_188' title='bbox 237 2937 286 2985; x_wconf 87' lang='lat' dir='ltr'>quo</span> <span class='ocrx_word' id='word_1_189' title='bbox 305 2924 379 2972; x_wconf 78' lang='lat' dir='ltr'>Initia</span> <span class='ocrx_word' id='word_1_190' title='bbox 398 2923 528 2972; x_wconf 83' lang='lat' dir='ltr'>Romanae</span> <span class='ocrx_word' id='word_1_191' title='bbox 547 2924 619 2974; x_wconf 91' lang='lat' dir='ltr'>urbis</span> <span class='ocrx_word' id='word_1_192' title='bbox 640 2933 741 2975; x_wconf 81' lang='lat' dir='ltr'>enarrat</span> <span class='ocrx_word' id='word_1_193' title='bbox 761 2925 871 2990; x_wconf 90' lang='lat' dir='ltr'>lupum</span> <span class='ocrx_word' id='word_1_194' title='bbox 891 2922 1051 2972; x_wconf 76' lang='lat' dir='ltr'>feminam</span> <span class='ocrx_word' id='word_1_195' title='bbox 1074 2922 1136 2971; x_wconf 84' lang='lat' dir='ltr'>dicit</span> <span class='ocrx_word' id='word_1_196' title='bbox 1154 2922 1264 2970; x_wconf 85' lang='lat' dir='ltr'>Ennium</span> 
     </span>
     <span class='ocr_line' id='line_1_26' title="bbox 151 2988 1264 3058; baseline -0.001 -19"><span class='ocrx_word' id='word_1_197' title='bbox 151 2991 327 3052; x_wconf 84' lang='lat' dir='ltr'>Pictoremque</span> <span class='ocrx_word' id='word_1_198' title='bbox 339 2991 447 3040; x_wconf 83' lang='lat' dir='ltr'>Fabium</span> <span class='ocrx_word' id='word_1_199' title='bbox 466 2994 587 3040; x_wconf 63' lang='lat' dir='ltr'>secutus!</span> <span class='ocrx_word' id='word_1_200' title='bbox 618 2992 658 3043; x_wconf 81' lang='lat' dir='ltr'>cf.</span> <span class='ocrx_word' id='word_1_201' title='bbox 674 2992 879 3058; x_wconf 66' lang='lat' dir='ltr'>Festus,p.150.</span> <span class='ocrx_word' id='word_1_202' title='bbox 899 2991 993 3040; x_wconf 84' lang='lat' dir='ltr'>Paulus</span> <span class='ocrx_word' id='word_1_203' title='bbox 1007 2988 1191 3054; x_wconf 61' lang='lat' dir='ltr'>obessent.</span> <span class='ocrx_word' id='word_1_204' title='bbox 1216 2989 1264 3038; x_wconf 82' lang='lat' dir='ltr'>Go-</span> 
     </span>
     <span class='ocr_line' id='line_1_27' title="bbox 151 3056 1264 3124; baseline 0 -17"><span class='ocrx_word' id='word_1_205' title='bbox 151 3060 252 3109; x_wconf 84' lang='lat' dir='ltr'>lumnae</span> <span class='ocrx_word' id='word_1_206' title='bbox 266 3059 372 3109; x_wconf 89' lang='lat' dir='ltr'>debetur</span> <span class='ocrx_word' id='word_1_207' title='bbox 386 3059 450 3108; x_wconf 82' lang='lat' dir='ltr'>haee</span> <span class='ocrx_word' id='word_1_208' title='bbox 463 3059 585 3108; x_wconf 90' lang='lat' dir='ltr'>uersiculi</span> <span class='ocrx_word' id='word_1_209' title='bbox 605 3061 680 3111; x_wconf 89' lang='lat' dir='ltr'>sedes</span> <span class='ocrx_word' id='word_1_210' title='bbox 750 3061 782 3110; x_wconf 91' lang='lat' dir='ltr'>Ll</span> <span class='ocrx_word' id='word_1_211' title='bbox 804 3060 935 3110; x_wconf 79' lang='lat' dir='ltr'>Charisius</span> <span class='ocrx_word' id='word_1_212' title='bbox 948 3061 959 3108; x_wconf 94' lang='lat' dir='ltr'>I</span> <span class='ocrx_word' id='word_1_213' title='bbox 973 3075 999 3124; x_wconf 90' lang='lat' dir='ltr'>p.</span> <span class='ocrx_word' id='word_1_214' title='bbox 1011 3056 1060 3110; x_wconf 83' lang='lat'>103</span> <span class='ocrx_word' id='word_1_215' title='bbox 1070 3059 1098 3107; x_wconf 89' lang='lat' dir='ltr'>P.</span> <span class='ocrx_word' id='word_1_216' title='bbox 1115 3056 1264 3124; x_wconf 79' lang='lat' dir='ltr'>(74Lind.)</span> 
     </span>
     <span class='ocr_line' id='line_1_28' title="bbox 152 3127 1264 3189; baseline -0.002 -11"><span class='ocrx_word' id='word_1_217' title='bbox 152 3128 224 3178; x_wconf 82' lang='lat' dir='ltr'>‘liei</span> <span class='ocrx_word' id='word_1_218' title='bbox 238 3128 349 3178; x_wconf 85' lang='lat' dir='ltr'>Ennius:</span> <span class='ocrx_word' id='word_1_219' title='bbox 369 3127 426 3177; x_wconf 84' lang='lat' dir='ltr'>floi&#39;</span> <span class='ocrx_word' id='word_1_220' title='bbox 446 3144 469 3176; x_wconf 90' lang='lat' dir='ltr'>e.</span> <span class='ocrx_word' id='word_1_221' title='bbox 485 3143 509 3189; x_wconf 90' lang='lat' dir='ltr'>q.</span> <span class='ocrx_word' id='word_1_222' title='bbox 526 3142 547 3177; x_wconf 88' lang='lat' dir='ltr'>s.</span> <span class='ocrx_word' id='word_1_223' title='bbox 585 3128 727 3179; x_wconf 80' lang='lat' dir='ltr'>‘Luciliusz</span> <span class='ocrx_word' id='word_1_224' title='bbox 747 3128 789 3178; x_wconf 87' lang='lat' dir='ltr'>floi</span> <span class='ocrx_word' id='word_1_225' title='bbox 810 3128 976 3178; x_wconf 86' lang='lat' dir='ltr'>e‘omeduutur</span> <span class='ocrx_word' id='word_1_226' title='bbox 989 3135 1014 3177; x_wconf 89' lang='lat' dir='ltr'>et</span> <span class='ocrx_word' id='word_1_227' title='bbox 1026 3129 1110 3177; x_wconf 86' lang='lat' dir='ltr'>uuae.&#39;</span> <span class='ocrx_word' id='word_1_228' title='bbox 1139 3127 1180 3176; x_wconf 86' lang='lat' dir='ltr'>Ad</span> <span class='ocrx_word' id='word_1_229' title='bbox 1202 3142 1264 3177; x_wconf 90' lang='lat' dir='ltr'>euu-</span> 
     </span>
     <span class='ocr_line' id='line_1_29' title="bbox 152 3196 1263 3263; baseline -0.002 -15"><span class='ocrx_word' id='word_1_230' title='bbox 152 3199 209 3249; x_wconf 87' lang='lat' dir='ltr'>dem</span> <span class='ocrx_word' id='word_1_231' title='bbox 230 3197 379 3248; x_wconf 83' lang='lat' dir='ltr'>Columnam</span> <span class='ocrx_word' id='word_1_232' title='bbox 398 3197 470 3246; x_wconf 87' lang='lat' dir='ltr'>locus</span> <span class='ocrx_word' id='word_1_233' title='bbox 495 3196 632 3263; x_wconf 81' lang='lat' dir='ltr'>fragmenti</span> <span class='ocrx_word' id='word_1_234' title='bbox 650 3198 716 3248; x_wconf 86' lang='lat' dir='ltr'>redit</span> <span class='ocrx_word' id='word_1_235' title='bbox 785 3198 831 3247; x_wconf 91' lang='lat' dir='ltr'>LII</span> <span class='ocrx_word' id='word_1_236' title='bbox 851 3198 941 3248; x_wconf 85' lang='lat' dir='ltr'>Festus</span> <span class='ocrx_word' id='word_1_237' title='bbox 965 3214 992 3263; x_wconf 90' lang='lat' dir='ltr'>p.</span> <span class='ocrx_word' id='word_1_238' title='bbox 1012 3196 1063 3247; x_wconf 87' lang='grc'>282</span> <span class='ocrx_word' id='word_1_239' title='bbox 1079 3198 1113 3246; x_wconf 88' lang='lat' dir='ltr'>M.</span> <span class='ocrx_word' id='word_1_240' title='bbox 1144 3202 1263 3246; x_wconf 84' lang='lat' dir='ltr'>‘rema-</span> 
     </span>
    </p>
   </div>
   <div class='ocr_carea' id='block_1_8' title="bbox 147 3388 1315 4309">
    <p class='ocr_par' dir='ltr' id='par_1_8' title="bbox 147 3388 1315 4309">
     <span class='ocr_line' id='line_1_30' title="bbox 192 3388 1262 3464; baseline 0.001 -18"><span class='ocrx_word' id='word_1_241' title='bbox 192 3392 228 3446; x_wconf 88' lang='grc'>68</span> <span class='ocrx_word' id='word_1_242' title='bbox 254 3388 382 3444; x_wconf 85' lang='lat' dir='ltr'>consistit</span> <span class='ocrx_word' id='word_1_243' title='bbox 400 3389 428 3444; x_wconf 87' lang='lat' dir='ltr'>J.</span> <span class='ocrx_word' id='word_1_244' title='bbox 443 3388 596 3447; x_wconf 76' lang='lat' dir='ltr'>Beckerus</span> <span class='ocrx_word' id='word_1_245' title='bbox 613 3389 732 3463; x_wconf 80' lang='lat' dir='ltr'>prem.</span> <span class='ocrx_word' id='word_1_246' title='bbox 749 3389 844 3447; x_wconf 81' lang='lat' dir='ltr'>Maru.</span> <span class='ocrx_word' id='word_1_247' title='bbox 869 3394 937 3450; x_wconf 76' lang='grc'><strong>1819</strong></span> <span class='ocrx_word' id='word_1_248' title='bbox 953 3408 986 3464; x_wconf 77' lang='lat' dir='ltr'>p.</span> <span class='ocrx_word' id='word_1_249' title='bbox 1006 3395 1067 3451; x_wconf 77' lang='lat'><strong>331.</strong></span> <span class='ocrx_word' id='word_1_250' title='bbox 1088 3392 1204 3448; x_wconf 84' lang='lat' dir='ltr'>oonsisli</span> <span class='ocrx_word' id='word_1_251' title='bbox 1230 3406 1262 3448; x_wconf 89' lang='lat' dir='ltr'>se</span> 
     </span>
     <span class='ocr_line' id='line_1_31' title="bbox 150 3472 1260 3550; baseline 0.006 -25"><span class='ocrx_word' id='word_1_252' title='bbox 150 3472 255 3528; x_wconf 82' lang='lat' dir='ltr'>Fronto</span> <span class='ocrx_word' id='word_1_253' title='bbox 341 3474 387 3544; x_wconf 89' lang='lat' dir='ltr'>qui</span> <span class='ocrx_word' id='word_1_254' title='bbox 405 3480 449 3530; x_wconf 90' lang='lat' dir='ltr'>est</span> <span class='ocrx_word' id='word_1_255' title='bbox 467 3476 581 3531; x_wconf 91' lang='lat' dir='ltr'>omnibu</span> <span class='ocrx_word' id='word_1_256' title='bbox 600 3472 704 3532; x_wconf 80' lang='lat' dir='ltr'>Cicero.</span> <span class='ocrx_word' id='word_1_257' title='bbox 728 3477 775 3547; x_wconf 89' lang='lat' dir='ltr'>qui</span> <span class='ocrx_word' id='word_1_258' title='bbox 796 3478 920 3534; x_wconf 78' lang='lat' dir='ltr'>omnIum</span> <span class='ocrx_word' id='word_1_259' title='bbox 940 3477 1046 3534; x_wconf 79' lang='lat' dir='ltr'>Fronto</span> <span class='ocrx_word' id='word_1_260' title='bbox 1149 3483 1185 3538; x_wconf 79' lang='lat'>69</span> <span class='ocrx_word' id='word_1_261' title='bbox 1214 3478 1260 3550; x_wconf 89' lang='lat' dir='ltr'>qui</span> 
     </span>
     <span class='ocr_line' id='line_1_32' title="bbox 150 3558 1261 3634; baseline 0.008 -24"><span class='ocrx_word' id='word_1_262' title='bbox 150 3559 203 3611; x_wconf 89' lang='lat' dir='ltr'>snb</span> <span class='ocrx_word' id='word_1_263' title='bbox 221 3559 353 3613; x_wconf 82' lang='lat' dir='ltr'>caeruleo</span> <span class='ocrx_word' id='word_1_264' title='bbox 375 3559 412 3617; x_wconf 83' lang='lat' dir='ltr'>H.</span> <span class='ocrx_word' id='word_1_265' title='bbox 432 3558 576 3634; x_wconf 71' lang='lat' dir='ltr'>Ilberyuts.</span> <span class='ocrx_word' id='word_1_266' title='bbox 598 3562 646 3632; x_wconf 88' lang='lat' dir='ltr'>qui</span> <span class='ocrx_word' id='word_1_267' title='bbox 668 3564 719 3617; x_wconf 91' lang='lat' dir='ltr'>sub</span> <span class='ocrx_word' id='word_1_268' title='bbox 742 3562 837 3618; x_wconf 84' lang='lat' dir='ltr'>ciuilia</span> <span class='ocrx_word' id='word_1_269' title='bbox 853 3563 966 3618; x_wconf 79' lang='lat' dir='ltr'>Fronto.</span> <span class='ocrx_word' id='word_1_270' title='bbox 989 3563 1036 3634; x_wconf 87' lang='lat' dir='ltr'>qui</span> <span class='ocrx_word' id='word_1_271' title='bbox 1061 3564 1261 3619; x_wconf 85' lang='lat' dir='ltr'>subeaeruleus</span> 
     </span>
     <span class='ocr_line' id='line_1_33' title="bbox 149 3642 1223 3718; baseline 0.008 -22"><span class='ocrx_word' id='word_1_272' title='bbox 149 3642 177 3696; x_wconf 84' lang='lat' dir='ltr'>J.</span> <span class='ocrx_word' id='word_1_273' title='bbox 199 3642 345 3698; x_wconf 78' lang='lat' dir='ltr'>Beckems</span> <span class='ocrx_word' id='word_1_274' title='bbox 431 3644 608 3718; x_wconf 66' lang='lat' dir='ltr'>Coottondmn</span> <span class='ocrx_word' id='word_1_275' title='bbox 626 3648 687 3703; x_wconf 77' lang='lat' dir='ltr'>net.-</span> <span class='ocrx_word' id='word_1_276' title='bbox 720 3649 838 3703; x_wconf 91' lang='lat' dir='ltr'>uoluunt</span> <span class='ocrx_word' id='word_1_277' title='bbox 858 3663 911 3704; x_wconf 84' lang='lat' dir='ltr'>sua</span> <span class='ocrx_word' id='word_1_278' title='bbox 935 3647 1052 3704; x_wconf 82' lang='lat' dir='ltr'>ilmnina</span> <span class='ocrx_word' id='word_1_279' title='bbox 1072 3651 1153 3704; x_wconf 85' lang='lat' dir='ltr'>eaelo</span> <span class='ocrx_word' id='word_1_280' title='bbox 1220 3678 1223 3682; x_wconf 93' lang='lat'>·</span> 
     </span>
     <span class='ocr_line' id='line_1_34' title="bbox 150 3728 1260 3790; baseline 0.003 -5"><span class='ocrx_word' id='word_1_281' title='bbox 150 3728 185 3785; x_wconf 82' lang='lat' dir='ltr'>to</span> <span class='ocrx_word' id='word_1_282' title='bbox 209 3728 282 3783; x_wconf 82' lang='lat' dir='ltr'>laets</span> <span class='ocrx_word' id='word_1_283' title='bbox 304 3728 416 3788; x_wconf 72' lang='lat' dir='ltr'>Caeseti.</span> <span class='ocrx_word' id='word_1_284' title='bbox 438 3729 532 3786; x_wconf 78' lang='lat' dir='ltr'>Seruii</span> <span class='ocrx_word' id='word_1_285' title='bbox 632 3733 666 3790; x_wconf 83' lang='lat' dir='ltr'>n</span> <span class='ocrx_word' id='word_1_286' title='bbox 693 3732 739 3786; x_wconf 88' lang='lat' dir='ltr'>fioi</span> <span class='ocrx_word' id='word_1_287' title='bbox 766 3732 919 3788; x_wconf 80' lang='lat' dir='ltr'>duloilerae</span> <span class='ocrx_word' id='word_1_288' title='bbox 946 3733 1007 3789; x_wconf 82' lang='lat' dir='ltr'>cod.</span> <span class='ocrx_word' id='word_1_289' title='bbox 1032 3732 1186 3789; x_wconf 82' lang='lat' dir='ltr'>duleilerse</span> <span class='ocrx_word' id='word_1_290' title='bbox 1215 3734 1260 3788; x_wconf 82' lang='lat' dir='ltr'>liei</span> 
     </span>
     <span class='ocr_line' id='line_1_35' title="bbox 147 3813 1260 3900; baseline 0.005 -34"><span class='ocrx_word' id='word_1_291' title='bbox 147 3813 229 3883; x_wconf 70' lang='lat' dir='ltr'>uutyo</span> <span class='ocrx_word' id='word_1_292' title='bbox 335 3815 369 3873; x_wconf 79' lang='lat' dir='ltr'>ta</span> <span class='ocrx_word' id='word_1_293' title='bbox 381 3816 462 3870; x_wconf 88' lang='lat' dir='ltr'>oliuis</span> <span class='ocrx_word' id='word_1_294' title='bbox 476 3815 628 3884; x_wconf 86' lang='lat' dir='ltr'>decedunt]</span> <span class='ocrx_word' id='word_1_295' title='bbox 640 3816 742 3873; x_wconf 89' lang='lat' dir='ltr'>desunt</span> <span class='ocrx_word' id='word_1_296' title='bbox 751 3817 809 3873; x_wconf 82' lang='lat' dir='ltr'>cod.</span> <span class='ocrx_word' id='word_1_297' title='bbox 817 3819 899 3886; x_wconf 79' lang='lat' dir='ltr'>Festi,</span> <span class='ocrx_word' id='word_1_298' title='bbox 912 3834 965 3873; x_wconf 87' lang='lat' dir='ltr'>om.</span> <span class='ocrx_word' id='word_1_299' title='bbox 976 3818 1090 3900; x_wconf 68' lang='lat' dir='ltr'>Pontus.</span> <span class='ocrx_word' id='word_1_300' title='bbox 1104 3818 1139 3873; x_wconf 90' lang='lat' dir='ltr'>de</span> <span class='ocrx_word' id='word_1_301' title='bbox 1152 3834 1260 3874; x_wconf 86' lang='lat' dir='ltr'>summo</span> 
     </span>
     <span class='ocr_line' id='line_1_36' title="bbox 148 3896 1259 3975; baseline 0.005 -25"><span class='ocrx_word' id='word_1_302' title='bbox 148 3896 331 3953; x_wconf 80' lang='lat' dir='ltr'>Doederb&#39;nus</span> <span class='ocrx_word' id='word_1_303' title='bbox 341 3900 442 3954; x_wconf 73' lang='lat' dir='ltr'>debat.</span> <span class='ocrx_word' id='word_1_304' title='bbox 454 3917 516 3956; x_wconf 82' lang='lat' dir='ltr'>uoc.</span> <span class='ocrx_word' id='word_1_305' title='bbox 527 3904 597 3973; x_wconf 65' lang='lat' dir='ltr'>unu.</span> <span class='ocrx_word' id='word_1_306' title='bbox 605 3918 637 3973; x_wconf 78' lang='lat' dir='ltr'>p.</span> <span class='ocrx_word' id='word_1_307' title='bbox 644 3904 705 3960; x_wconf 87' lang='grc'><strong>178.</strong></span> <span class='ocrx_word' id='word_1_308' title='bbox 718 3902 848 3960; x_wconf 87' lang='lat' dir='ltr'>desubito</span> <span class='ocrx_word' id='word_1_309' title='bbox 860 3905 988 3974; x_wconf 91' lang='lat' dir='ltr'>linquunt</span> <span class='ocrx_word' id='word_1_310' title='bbox 996 3902 1136 3975; x_wconf 70' lang='lat' dir='ltr'>Berytius</span> <span class='ocrx_word' id='word_1_311' title='bbox 1142 3903 1259 3974; x_wconf 77' lang='lat' dir='ltr'>prem.</span> 
     </span>
     <span class='ocr_line' id='line_1_37' title="bbox 148 3981 1315 4057; baseline 0.007 -23"><span class='ocrx_word' id='word_1_312' title='bbox 148 3983 196 4035; x_wconf 83' lang='lat' dir='ltr'>litt.</span> <span class='ocrx_word' id='word_1_313' title='bbox 208 3982 275 4040; x_wconf 85' lang='lat' dir='ltr'>Hal.</span> <span class='ocrx_word' id='word_1_314' title='bbox 293 3986 361 4042; x_wconf 76' lang='lat'>1842</span> <span class='ocrx_word' id='word_1_315' title='bbox 376 3983 415 4040; x_wconf 86' lang='grc' dir='ltr'>ΙΙ</span> <span class='ocrx_word' id='word_1_316' title='bbox 425 3989 478 4044; x_wconf 77' lang='grc'>239</span> <span class='ocrx_word' id='word_1_317' title='bbox 563 3993 672 4041; x_wconf 85' lang='lat' dir='ltr'>remant</span> <span class='ocrx_word' id='word_1_318' title='bbox 687 3987 785 4042; x_wconf 82' lang='lat' dir='ltr'>Festus</span> <span class='ocrx_word' id='word_1_319' title='bbox 870 3988 1021 4044; x_wconf 89' lang='lat' dir='ltr'>destituunt</span> <span class='ocrx_word' id='word_1_320' title='bbox 1038 3989 1114 4041; x_wconf 83' lang='lat' dir='ltr'>rinos</span> <span class='ocrx_word' id='word_1_321' title='bbox 1132 4002 1261 4057; x_wconf 83' lang='lat' dir='ltr'>campos·</span> <span class='ocrx_word' id='word_1_322' title='bbox 1311 3981 1315 3987; x_wconf 79' lang='grc'><strong>’</strong></span> 
     </span>
     <span class='ocr_line' id='line_1_38' title="bbox 149 4068 1261 4144; baseline 0.005 -24"><span class='ocrx_word' id='word_1_323' title='bbox 149 4082 202 4136; x_wconf 87' lang='lat' dir='ltr'>que</span> <span class='ocrx_word' id='word_1_324' title='bbox 226 4068 346 4122; x_wconf 74' lang='lat' dir='ltr'>renitent</span> <span class='ocrx_word' id='word_1_325' title='bbox 368 4068 503 4143; x_wconf 72' lang='lat' dir='ltr'>Scatiqer.</span> <span class='ocrx_word' id='word_1_326' title='bbox 534 4071 659 4126; x_wconf 89' lang='lat' dir='ltr'>deseruit</span> <span class='ocrx_word' id='word_1_327' title='bbox 685 4073 764 4127; x_wconf 83' lang='lat' dir='ltr'>riuos</span> <span class='ocrx_word' id='word_1_328' title='bbox 785 4089 957 4144; x_wconf 84' lang='lat' dir='ltr'>camposque</span> <span class='ocrx_word' id='word_1_329' title='bbox 980 4076 1106 4126; x_wconf 85' lang='lat' dir='ltr'>remanat</span> <span class='ocrx_word' id='word_1_330' title='bbox 1125 4069 1261 4126; x_wconf 69' lang='lat' dir='ltr'>saratas</span> 
     </span>
     <span class='ocr_line' id='line_1_39' title="bbox 148 4151 1264 4228; baseline 0.004 -23"><span class='ocrx_word' id='word_1_331' title='bbox 148 4151 218 4207; x_wconf 73' lang='lat' dir='ltr'>Ado.</span> <span class='ocrx_word' id='word_1_332' title='bbox 235 4152 409 4209; x_wconf 83' lang='lat' dir='ltr'>XXXVIII</span> <span class='ocrx_word' id='word_1_333' title='bbox 419 4161 460 4213; x_wconf 92' lang='lat'>11.</span> <span class='ocrx_word' id='word_1_334' title='bbox 485 4154 576 4228; x_wconf 83' lang='lat' dir='ltr'>deque</span> <span class='ocrx_word' id='word_1_335' title='bbox 592 4164 688 4212; x_wconf 85' lang='lat' dir='ltr'>serunt</span> <span class='ocrx_word' id='word_1_336' title='bbox 702 4157 796 4212; x_wconf 79' lang='lat' dir='ltr'>undae</span> <span class='ocrx_word' id='word_1_337' title='bbox 810 4172 942 4227; x_wconf 86' lang='lat' dir='ltr'>eampos;</span> <span class='ocrx_word' id='word_1_338' title='bbox 964 4157 1097 4225; x_wconf 74' lang='lat' dir='ltr'>ilpasque</span> <span class='ocrx_word' id='word_1_339' title='bbox 1116 4161 1264 4228; x_wconf 77' lang='lat' dir='ltr'>remanant¹</span> 
     </span>
     <span class='ocr_line' id='line_1_40' title="bbox 149 4234 361 4309; baseline 0.014 -21"><span class='ocrx_word' id='word_1_340' title='bbox 149 4234 188 4288; x_wconf 85' lang='grc' dir='ltr'>Η.</span> <span class='ocrx_word' id='word_1_341' title='bbox 202 4234 361 4309; x_wconf 69' lang='lat' dir='ltr'>llberqius·</span> 
     </span>
    </p>
   </div>
   <div class='ocr_carea' id='block_1_9' title="bbox 0 0 1470 4942">
    <p class='ocr_par' dir='ltr' id='par_1_9' title="bbox 0 0 1470 4942">
     <span class='ocr_line' id='line_1_41' title="bbox 0 0 1470 4942; baseline 0 1"><span class='ocrx_word' id='word_1_342' title='bbox 0 0 1470 4942; x_wconf 95' lang='lat' dir='ltr'> </span> 
     </span>
    </p>
   </div>
  </div>
 </body>
</html>
