2932 4942
10 1407 111 1483 aare.

583 351 825 422 aasrovmn

679 518 722 588 III

253 641 389 711 Pellitur
408 663 427 710 e
447 640 555 710 medio
577 638 754 729 sapientia,
782 640 815 709 ui
838 639 967 729 geritur
987 661 1052 724 res,

253 745 427 836 Spernitur
445 747 558 813 orator
576 742 700 828 bonuS,
728 743 883 812 horridus
906 743 1000 812 miles
1020 748 1157 813 amatur.

252 848 340 918 Haut
358 848 467 939 (lectis
484 847 580 941 dictis
599 850 764 916 certantes
783 848 844 917 sed
862 847 1044 916 maledictis

163 959 225 1020 275
252 952 390 1020 Miscent
407 950 491 1021 inter
509 972 585 1020 sese
607 949 804 1019 inimicitiam
825 949 1000 1043 agitantes,

251 1056 324 1123 Non
345 1078 388 1123 ex
408 1054 479 1123 iure
498 1076 629 1123 manum
648 1057 838 1124 consertum
858 1055 919 1123 sed
941 1052 1046 1145 magi’
1070 1054 1158 1121 lerro

254 1156 336 1228 Rem
356 1159 509 1249 repetunt
527 1178 734 1251 regnumque
756 1160 888 1249 petunt,
919 1157 1045 1227 uadunt
1068 1155 1235 1226 solidani.

665 1275 713 1344 IV
727 1273 744 1310 *

250 1391 354 1462 Poeni
376 1376 458 1462 suos
479 1389 567 1460 soliti
585 1391 636 1462 dis
657 1392 844 1464 sacrificare
864 1390 1007 1490 puellos

150 1595 200 1643 non
221 1594 336 1643 inuenies
349 1595 439 1644 eadem
459 1594 574 1644 membra
589 1609 654 1657 quse
669 1602 727 1644 sunt
740 1596 767 1644 in
778 1596 901 1645 Ennianis
914 1594 1032 1644 uersibus
1049 1591 1093 1655 qui
1106 1604 1199 1655 magno
1213 1589 1263 1639 sci-

151 1664 210 1712 licet
223 1664 315 1727 spiritu
328 1670 353 1712 et
366 1663 452 1712 uerbis
466 1663 601 1713 altioribus
618 1665 754 1730 compositi
774 1674 847 1726 sunt,
873 1664 944 1714 uelut
960 1662 989 1712 hi
1008 1668 1079 1712 sunt:
1110 1661 1262 1724 postquam’

150 1750 173 1781 e.
194 1749 219 1795 q.
240 1748 261 1781 s.
297 1735 363 1781 Acro
386 1733 449 1782 ibid.
477 1736 630 1799 ‘postquam
708 1734 829 1800 refregit:
849 1734 916 1784 haec
929 1734 1005 1782 Ennii
1023 1731 1102 1782 uerba
1116 1729 1192 1778 sunt.’

151 1804 184 1850 lll
206 1801 303 1851 Gellius
316 1802 365 1851 XX
382 1801 415 1852 10
435 1805 489 1852 ‘ex
510 1804 581 1851 iure
601 1818 726 1854 manum
745 1811 981 1853 consertum-
1004 1817 1037 1851 ex
1049 1800 1131 1850 Ennio
1150 1813 1211 1865 ergo
1225 1800 1263 1848 in-

150 1887 226 1934 quam
247 1881 284 1920 est
302 1873 425 1937 magister
445 1872 514 1935 quod
533 1886 641 1935 quaero;
669 1873 766 1923 Ennius
786 1872 855 1923 enim
873 1873 960 1922 uerbis
978 1871 1051 1921 hisce
1068 1885 1129 1920 usus
1148 1877 1186 1919 est

149 1950 202 1990 tum
225 1956 272 2006 ego
296 1941 343 1990 hos
363 1957 452 1991 uersus
471 1957 504 1991 ex
527 1950 616 1991 octauo
631 1943 716 1991 anuali
738 1944 856 1993 absentes
879 1943 950 1992 dixi:
981 1956 1040 1991 nam
1057 1940 1122 1989 forte
1140 1953 1184 1988 eos
1199 1946 1263 1989 taro-

151 2025 227 2073 quam
248 2010 382 2075 insigniter
402 2018 504 2076 praeter
523 2011 588 2060 alios
609 2011 690 2060 iactos
706 2014 884 2063 memineram:
910 2011 1027 2077 pellitur'
1046 2025 1069 2059 e.
1089 2025 1113 2072 q.
1133 2024 1154 2058 s.
1189 2011 1262 2058 ‘cunr
1320 2010 1328 2025 ⁴

150 2080 198 2129 lros
217 2095 307 2129 uersus
321 2081 450 2131 Ennianos
463 2081 604 2130 dixissem'
630 2096 652 2130 e.
668 2096 693 2143 q.
708 2097 729 2130 s.
759 2083 906 2131 Lactantius
925 2073 984 2131 Diu.
1000 2082 1061 2130 lust.
1076 2080 1100 2128 V
1121 2094 1142 2128 c.
1159 2078 1172 2128 l
1195 2077 1263 2128 ‘dis-

150 2150 293 2214 ceptatione
313 2150 415 2200 sublata
433 2150 632 2216 pellitur
649 2166 717 2211 res,
736 2161 764 2201 ut
782 2153 818 2201 ait
831 2152 946 2201 Ennius!
979 2150 1067 2200 Cicero
1081 2149 1115 2198 sd
1135 2147 1197 2198 lam.
1214 2148 1263 2198 Vll

150 2218 191 2278 13,
208 2221 224 2269 2
243 2223 357 2269 ‘tantum
370 2227 470 2280 metuo,
490 2236 521 2269 ne
533 2219 668 2270 artificium
680 2228 751 2272 tuum
764 2223 811 2271 tibi
823 2237 914 2287 parum
926 2221 1017 2286 prosit.
1043 2218 1117 2279 Nam,
1136 2226 1164 2267 ut
1174 2219 1262 2277 audio,

148 2290 207 2338 istic
223 2304 288 2339 non
308 2305 345 2339 err
364 2290 437 2340 iure
506 2291 679 2356 repetunt.'
711 2291 783 2342 Idem
796 2305 843 2358 pro
856 2290 961 2341 Murena
975 2291 1016 2350 14,
1031 2288 1065 2341 30
1088 2289 1211 2348 ‘etenim,
1234 2295 1262 2337 ut

147 2355 183 2408 ait
199 2359 347 2425 ingeniosus
362 2363 437 2424 poeta
451 2367 476 2410 et
492 2368 580 2410 auctor
592 2358 670 2410 ualde
682 2361 783 2422 bonus,
812 2360 918 2427 proeliis
932 2359 1101 2426 promulgetis
1120 2357 1262 2424 pellitur

148 2446 162 2478 e
175 2429 284 2479 medio
298 2443 348 2479 non
361 2430 444 2480 solum
460 2431 511 2478 ista
523 2437 610 2480 uestra
623 2430 734 2480 uerbosa
747 2431 876 2481 simulatio
889 2431 1040 2496 prudentiae
1055 2428 1101 2479 sed
1114 2429 1191 2478 etiam
1205 2429 1264 2494 ipsa

149 2499 194 2548 ills
208 2499 408 2549 dominaremm
422 2499 605 2564 sapientia:
624 2499 796 2566 uigeritur
811 2515 873 2550 res.
893 2500 1068 2565 spernitur
1082 2507 1198 2548 orator
1212 2512 1263 2547 uon

146 2569 229 2625 solum
253 2569 359 2619 odiosus
378 2569 404 2618 in
424 2569 532 2619 dicendo
553 2584 584 2618 ac
608 2569 716 2633 loquax,
744 2585 833 2621 uemm
856 2570 932 2620 etism
959 2570 1081 2623 bonus:
1106 2566 1263 2618 horridus

146 2637 399 2688 milesamstur.
428 2640 548 2693 Vestrum
559 2653 621 2689 uero
633 2639 746 2689 studium
758 2647 839 2690 totum
854 2640 947 2689 iacet:¹
969 2639 1149 2704 (bonus...
1173 2637 1262 2687 iacet

146 2722 197 2756 om.
222 2705 344 2773 Helmst.)
377 2712 459 2758 ‘non
479 2724 520 2758 ex
537 2709 608 2758 iure
627 2723 755 2759 manum
774 2715 964 2766 consertum
990 2707 1049 2758 sed
1071 2707 1157 2757 terro
1180 2707 1263 2769 iuquit

147 2792 213 2827 rem
232 2779 416 2842 repetunt'
486 2778 522 2827 IV
540 2777 631 2828 Festus
645 2793 672 2843 p.
687 2777 739 2828 249
753 2778 787 2829 Μ.
817 2777 939 2844 ‘puelli
960 2790 1007 2841 per
1028 2777 1227 2826 deminutionem
1247 2791 1263 2824 ιι

149 2846 236 2911 pueris
254 2846 317 2899 dicti
336 2854 403 2899 suot.
429 2847 516 2910 itaque
534 2854 559 2897 et
578 2847 676 2896 Ennius
696 2848 745 2897 ait:
764 2848 859 2903 Poeni’
883 2863 906 2898 e.
921 2861 946 2910 q.
963 2860 985 2895 s.
1018 2844 1261 2912 crumpamus.

187 3033 241 3090 272
262 3031 365 3085 tollitur
380 3029 493 3102 lopom.
503 3031 643 3103 plerique.
675 3034 817 3104 repellitur
831 3033 946 3106 sapon.
960 3037 987 3093 9.
1012 3035 1130 3091 bellatur
1145 3032 1263 3089 Hetmst

140 3133 198 3189 pro
212 3114 291 3170 Mar.
377 3115 497 3185 saplenti
526 3114 604 3170 Voss.
620 3114 700 3172 Gellii
781 3118 810 3172 ui
831 3120 937 3190 geritur
955 3133 1019 3174 res:
1044 3119 1196 3191 spernitur]
1218 3118 1262 3174 ui-

146 3201 207 3274 geri
223 3207 314 3256 turres
330 3199 472 3272 spernitur
487 3199 576 3272 Lepti.
593 3198 673 3256 Gellii
707 3201 816 3256 uidetur
830 3205 972 3275 respuitur
981 3219 1038 3274 pro
1051 3202 1130 3259 Mur.
1145 3202 1261 3258 Helm-st.

146 3287 211 3358 aliq.
232 3284 312 3341 codd.
333 3286 448 3357 lapan.
479 3283 590 3341 uidetur
609 3287 705 3357 respui
732 3288 873 3357 spernitur
900 3287 1000 3344 salso.
1020 3287 1127 3343 ebidem
1152 3287 1263 3343 uidetur

147 3370 274 3441 resperni
285 3371 344 3426 siste
355 3368 466 3426 uidetur
476 3367 511 3423 R.
523 3386 552 3439 p.
565 3370 706 3441 spernltur
716 3373 802 3426 cstem'
810 3372 890 3428 codd.
903 3373 1017 3444 Lapsa
1054 3376 1057 3382 '
1109 3375 1162 3432 273
1177 3375 1264 3428 a'ma·

145 3462 188 3511 tur
211 3454 310 3511 Petau.
337 3448 405 3510 aurii
430 3454 519 3526 Lupd.
542 3452 622 3510 Gellii
699 3445 779 3515 '274
807 3456 876 3512 haut
903 3457 973 3533 Rep.
1000 3456 1089 3529 Lttpd
1115 3456 1193 3514 haud
1217 3473 1263 3514 ce-

146 3564 200 3616 ren·
284 3559 337 3616 seo
358 3560 499 3617 Columna.
521 3576 574 3615 nee
596 3560 660 3617 ιιιη·
674 3562 815 3634 niequeti
843 3544 861 3617 l
890 3563 980 3637 rapa
1090 3566 1144 3623 ars
1172 3552 1263 3620 intini-

146 3647 240 3703 citiam
260 3645 333 3701 libri.
364 3645 523 3700 inimicitias
543 3645 625 3718 uulpm
672 3643 675 3650 ’
731 3650 784 3708 276
806 3665 842 3703 ex
856 3665 901 3717 me
922 3650 983 3705 iure
1003 3648 1092 3722 Lupd.
1177 3666 1263 3705 manu

146 3731 225 3786 Gellii
244 3729 315 3803 Rep.
339 3730 417 3787 Voss.
441 3728 530 3803 Lupd.
551 3727 681 3804 Mopls'ob.
702 3748 759 3803 pro
778 3731 857 3789 Mur.
881 3733 982 3790 Salt‘sb.
1003 3734 1118 3807 Lupum
1141 3738 1177 3793 65

144 3815 251 3871 Eodem
272 3816 342 3871 iurr's
358 3813 483 3896 formula
504 3820 618 3871 utunttr
640 3815 732 3873 Varro
751 3816 786 3873 de
799 3817 833 3873 L.
845 3817 880 3872 L.
909 3817 952 3875 VI
964 3824 999 3879 64
1025 3818 1067 3875 M.
1089 3818 1184 3876 Cicero
1202 3834 1261 3889 pro

144 3898 222 3956 Mur.
238 3906 281 3968 m,
298 3903 342 3959 26·
362 3899 398 3956 de
411 3904 482 3955 orat.
498 3895 519 3954 I
530 3906 573 3967 10,
584 3904 618 3959 41
639 3900 715 3959 tetro
735 3902 764 3957 in
778 3919 891 3959 manum
910 3909 937 3960 et
950 3919 1036 3959 manu
1051 3902 1152 3973 formis
1167 3901 1260 3956 diuer-

142 3984 266 4055 patrous
350 3985 443 4056 magis
465 3984 539 4038 ferro
559 3983 634 4042 Med.
658 3986 699 4042 od
717 3985 789 4058 fam.
821 3988 913 4059 magis
933 4004 1028 4043 errore
1050 3986 1114 4042 libri
1135 3983 1276 4056 Gelliam.⁸

144 4069 236 4140 magis
259 4083 311 4123 om.
337 4068 392 4126 Cic.
410 4084 469 4141 pro
490 4067 568 4125 Mur.
672 4072 724 4129 mr
755 4073 795 4127 rei
816 4076 945 4143 repetunt
967 4072 1046 4127 Gellii
1066 4068 1144 4124 Voss.
1160 4066 1259 4123 Petou.

145 4148 276 4223 Mopltob.
304 4153 444 4224 reipetunt
461 4150 531 4226 Rep.
548 4152 637 4225 Lupd.
653 4153 732 4210 Gellii
817 4155 937 4211 solidaui
965 4154 1043 4210 Voss.
1055 4151 1154 4207 Petra.
1178 4153 1262 4207 solita

146 4235 239 4293 lucum
251 4235 339 4313 Lspd.
362 4238 445 4294 solita
457 4237 552 4295 uicum
566 4237 639 4312 Rep.
655 4239 822 4317 uidesupra
864 4253 867 4258 ·
927 4241 980 4297 nte
999 4236 1086 4293 Poeni
1102 4251 1170 4293 suos
1184 4237 1261 4295 soliti
