2932 4942
607 336 855 408 nnnrovtnn
1241 337 1283 403 aa
1310 405 1313 408 ,

258 501 408 573 Virtute
431 503 649 596 experiamur.
688 505 730 575 nt
747 505 812 576 hoc
833 507 931 578 simul
954 508 1065 599 accipe
1087 510 1224 581 dictum:

185 615 247 676 205
276 606 424 691 Quorum
444 608 578 687 uirtutei
600 608 673 679 belli
695 611 829 679 lortuna
847 612 1003 704 pepercit,
1103 693 1108 702 ,

274 711 464 782 Eorundem
486 712 626 782 libertati
648 734 701 782 me
720 734 858 803 parcere
879 719 1004 785 certum
1022 721 1082 785 est.

274 813 370 885 Dono
391 815 500 884 ducite
522 815 633 909 doque
654 814 844 886 uolentibus
867 839 941 888 eum
963 818 1094 910 magnis
1114 818 1176 887 dis.

672 950 754 1021 XIV
768 949 784 987 ‘l‘

275 1067 348 1150 Quo
367 1069 464 1138 uobis
483 1075 611 1140 mentes
634 1075 744 1140 rectae
768 1094 854 1166 quae
872 1076 960 1142 stare
980 1073 1131 1143 solebant

274 1169 441 1256 Antehac,
470 1173 630 1243 dementis
650 1196 728 1245 sese
748 1175 873 1245 flexere
896 1176 984 1246 uiail

693 1310 762 1380 XV

185 1432 247 1494 tto
276 1424 344 1494 Sed
366 1425 445 1520 quid
468 1449 534 1520 ego
557 1427 610 1500 hic
631 1428 739 1501 animo
762 1430 948 1502 lamentor?
1032 1390 1035 1403 i

768 1564 784 1602 *

275 1661 397 1734 Orator
416 1665 488 1736 sine
509 1689 592 1759 pace
616 1565 863 1764 redilibgique
883 1669 984 1738 refert
1006 1689 1086 1737 rem.

680 1803 777 1874 XVll

275 1955 284 1971 .
338 1954 347 1971 .
399 1905 452 1971 ast
471 1902 580 1973 animo
602 1911 762 1997 superant
779 1909 879 2001 atque
898 1926 1019 1997 aspera
1039 1904 1145 1997 prima

275 2004 424 2074 Volnera
445 2005 521 2075 belli
542 2007 754 2099 despernunt.

172 2213 210 2254 est
223 2205 267 2267 qui
279 2205 329 2254 ait:
350 2206 395 2255 olli
410 2208 547 2257 cernebant
556 2209 660 2275 magnis
673 2209 706 2258 da
719 2209 795 2258 rebus
806 2216 920 2274 agentes.
948 2215 973 2257 et
985 2207 1067 2258 idem:
1086 2206 1154 2257 ferro
1222 2206 1286 2255 utri-

171 2276 239 2336 que!
275 2275 346 2324 Idem
361 2277 387 2325 in
403 2278 465 2326 beu.
480 2277 566 2328 Χ532
590 2280 690 2344 ‘gnatis
701 2293 779 2344 parce
797 2280 862 2327 tuis:
882 2292 979 2344 parce
995 2285 1080 2326 autem
1092 2285 1130 2326 est
1145 2276 1286 2326 secuudum

170 2345 288 2406 antiquos
302 2360 388 2405 serua,
401 2354 429 2394 ut
444 2347 513 2411 apud
522 2347 650 2398 Lucilium
664 2355 689 2397 ει
701 2349 811 2398 Ennium
825 2347 971 2398 inuenitur!
998 2346 1073 2396 Vnde
1084 2346 1217 2396 liberalius
1231 2345 1286 2395 edi-

169 2422 238 2462 tores
251 2414 378 2464 uersiculo
393 2416 437 2478 qui
450 2416 562 2482 Vergilii
576 2425 615 2466 est
629 2418 739 2467 Ennium
761 2416 957 2482 locupletarunt.
989 2417 1147 2480 Pomponius
1164 2417 1190 2465 iu
1205 2416 1284 2479 Verg.

170 2486 235 2532 Aen.
248 2485 284 2532 lli
294 2484 325 2533 l?
345 2488 418 2534 ‘oum
432 2487 524 2534 sociis:
542 2501 633 2536 uersus
646 2494 684 2536 est
699 2487 776 2536 Ennii
790 2495 815 2536 et
830 2494 888 2536 sunt
901 2487 980 2536 uerba
989 2484 1099 2550 Pyrrhi!
1125 2484 1198 2543 Quod
1212 2483 1286 2533 sebo-

170 2553 223 2602 lion
244 2552 357 2603 adhaec
374 2562 472 2603 tantum
486 2571 552 2617 quae
569 2564 628 2605 sunt
646 2557 774 2622 magnis
793 2555 844 2606 dis
865 2557 993 2622 pertinere
1010 2553 1136 2604 intellexit
1149 2553 1287 2619 Philippus

169 2621 315 2686 Wagnerus
384 2623 446 2673 XlV
471 2624 559 2674 Cicero
581 2625 636 2675 Cat.
656 2627 717 2675 mai.
739 2623 765 2684 6,
786 2624 819 2676 lo
840 2625 957 2691 (Appius
972 2620 1109 2687 claudius)
1134 2627 1207 2672 ‘cum
1228 2637 1287 2672 sen-

169 2692 249 2740 tentia
268 2700 372 2741 senatus
390 2693 525 2743 inclinaret
543 2694 577 2743 ad
597 2709 688 2759 pacem
707 2709 765 2744 oum
777 2694 874 2758 Pyrrho
892 2694 1035 2756 foedusque
1053 2691 1217 2752 faciendum,
1235 2705 1286 2740 non

170 2759 298 2810 dubitauit
314 2761 400 2811 dicere
419 2763 477 2823 illa,
503 2778 569 2825 quae
584 2764 703 2813 uersibus
722 2771 872 2828 persecutus
890 2772 929 2813 est
948 2763 1061 2812 Ennius:
1081 2762 1144 2824 quo’
1168 2777 1191 2811 e.
1211 2777 1236 2823 q.
1262 2775 1283 2809 s.

171 2832 319 2892 ‘ceteraque
336 2831 510 2895 grauissime3·
533 2841 621 2881 notum
635 2833 703 2882 enim
717 2832 792 2896 uobis
806 2847 908 2881 carmen
923 2832 979 2881 est.¹
1049 2830 1099 2879 XV
1124 2830 1239 2880 Donatus
1258 2829 1285 2877 in

170 2896 227 2944 Ter.
249 2898 352 2946 Phorm.
372 2899 395 2947 V
416 2902 476 2959 4,2
500 2904 608 2964 ‘parare
622 2901 722 2949 animo:
746 2909 854 2951 uenuste
875 2901 991 2950 additum
1010 2899 1105 2948 animo.
1140 2898 1238 2947 Ennius
1258 2897 1286 2944 in

170 2972 243 3012 sexto
259 2967 312 3014 ...'
383 2965 445 3016 XVI
463 2970 545 3016 Varro
559 2968 664 3018 nent.
678 2969 728 3017 Vll
740 2969 774 3018 41
788 2969 822 3018 M.
841 2969 927 3033 ‘apud
936 2967 1059 3017 Ennium:
1076 2967 1172 3015 orator’
1188 2982 1211 3015 e.
1224 2981 1249 3028 q.
1261 2980 1284 3014 s.

171 3037 298 3083 ‘orator
316 3034 401 3083 dictus
415 3035 447 3084 ab
460 3037 588 3095 oratioue;
611 3037 737 3099 quietum
752 3036 833 3086 uerba
846 3037 989 3086 orationum
1003 3036 1109 3085 baberet
1123 3033 1226 3099 publice
1240 3034 1286 3084 ab

170 3117 262 3151 uorsus
284 3117 343 3152 eum
360 3118 410 3165 quo
428 3104 578 3170 legabatur,
602 3105 634 3154 ab
652 3106 765 3155 oratioue
784 3114 868 3155 orator
889 3105 990 3155 dietus?
1026 3103 1157 3153 Oratorem
1170 3101 1285 3162 Cineam,

169 3172 260 3236 Pyrrhi
277 3172 409 3233 comitem,
434 3174 540 3240 agnouit
561 3173 686 3224 Columna
754 3174 828 3224 xvn
847 3174 934 3224 Schol.
955 3176 1050 3224 Veron.
1072 3173 1099 3221 in
1117 3173 1198 3238 Verg.
1219 3173 1284 3222 Aen.

211 3354 263 3407 205
290 3361 446 3423 quorumue
461 3347 561 3404 Bamb.
575 3366 603 3403 α.
620 3363 775 3421 quorumue
790 3347 889 3404 Bamb.
899 3338 921 3402 'b
934 3364 971 3402 m.
984 3363 1035 3419 pr.
1051 3346 1139 3404 Betae.
1155 3347 1172 3401 b
1185 3346 1283 3420 dErf.

243 3434 342 3488 uirtute
350 3432 450 3488 Bomd.
463 3450 482 3488 u
493 3433 509 3487 d
521 3434 571 3502 (m.
577 3435 642 3505 pr.)
652 3433 740 3490 Bern.
753 3434 797 3488 ab
810 3433 877 3506 Erf.
890 3433 983 3488 uirtuti
994 3434 1081 3488 ceteri
1167 3437 1220 3493 206
1233 3432 1284 3488 ho-

170 3517 288 3573 rundem
303 3517 378 3574 Oebl.
393 3533 469 3573 corr.
485 3532 522 3572 ex
534 3518 697 3573 eorundem.
725 3517 768 3590 Cf.
778 3508 975 3574 lucbmaunua
988 3516 1117 3572 udLuer.
1136 3516 1180 3574 Vl
1188 3522 1241 3578 tao
1358 3568 1361 3571 .

212 3603 332 3658 libertati
343 3618 388 3657 me
398 3601 604 3658 lacinianunc.
616 3620 662 3658 me
674 3603 792 3659 libertati
802 3604 866 3660 toa
953 3603 1006 3661 aot
1018 3602 1062 3658 dis
1073 3602 1137 3658 libri
1143 3605 1282 3676 ptcn'pue.

170 3687 224 3742 diis
237 3688 334 3743 Bamd.
346 3687 362 3741 d
375 3684 450 3743 oete
556 3691 609 3746 208
624 3705 679 3760 qua
694 3688 775 3744 uobis
791 3694 866 3744 recta
881 3685 1143 3743 menusanum
1228 3704 1282 3758 que

119 3813 126 3823 ’
168 3812 243 3861 reete
259 3805 330 3862 Gad.
415 3809 469 3865 Ὧι)
488 3803 611 3861 dementi
626 3822 657 3862 se
672 3805 784 3862 Monac.
797 3824 816 3862 a
838 3805 881 3876 (in
895 3793 979 3863 litura
993 3820 1069 3865 corr.
1085 3819 1123 3860 ax
1138 3781 1282 3860 dementis

169 3894 270 3959 sese),
302 3889 373 3946 aaut
395 3906 459 3945 sese
481 3889 604 3945 dementi
628 3889 703 3946 Oebl.
726 3889 872 3948 dementes
892 3906 956 3947 sese
979 3889 1050 3944 Pur.
1078 3889 1223 3944 dementes
1249 3906 1281 3943 se

167 3974 279 4031 Monac.
294 3975 342 4031 bc
427 3975 484 4030 uiai
499 3973 648 4031 Lambinus
661 3976 700 4031 od
709 3975 783 4032 Hor.
797 3976 890 4034 Germ.
903 3973 958 4030 111
972 3979 999 4042 ὁ,
1010 3978 1058 4038 45,
1083 3972 1282 4027 Lacbmuunus

169 4060 208 4115 ad
232 4059 318 4116 Lucr.
345 4057 365 4112 Ι
384 4061 504 4118 ibuit
525 4059 597 4124 tort,
623 4062 678 4115 ιιίιι·
699 4061 774 4133 quod
807 4064 855 4118 uia
883 4077 939 4133 qua
966 4056 1043 4113 Oebl.
1148 4060 1201 4113 212
1234 4059 1282 4109 aut

170 4143 231 4198 cod.
316 4143 583 4200 antinomatice.
597 4145 910 4214 animos(uelauimos)
927 4142 987 4198 cod·
1074 4155 1176 4212 aspera
1189 4139 1282 4210 prima
1370 4216 1372 4221 ,

170 4225 336 4285 &Kottaio-
355 4245 408 4302 asp
483 4230 556 4285 rima
569 4229 630 4285 cod.
645 4231 803 4302 asperrima
817 4231 851 4285 Α.
865 4228 986 4307 Maus,
1065 4228 1119 4284 213
1150 4223 1280 4290 uolnera]

212 4327 325 4385 nuuvs.
1053 4317 1074 4381 3
