2932 4942
166 343 229 406 156
559 347 834 405 SATVRARVM

697 516 746 587 lV

207 646 243 704 ro
272 687 279 702 .
335 688 342 702 .
395 633 537 702 mundus
560 633 641 702 cae'li
665 637 782 703 uastus
802 633 948 703 constitit
970 634 1113 716 sile'ntio,

271 737 322 806 ‘nt
342 739 513 828 Neptunus
534 738 658 806 saeuus
680 738 778 806 undis
803 738 932 828 ispcris
953 738 1092 828 pausim
1113 735 1211 805 dedit.

270 840 330 909 Sbl
350 841 445 933 equis
463 841 525 910 iter
545 841 704 931 repressit
720 841 859 933 ungulis
876 840 1081 910 uoltinlibus:

271 943 456 1015 Constitere
476 944 590 1014 amne's
612 936 792 1035 perennes,
820 944 958 1014 irbores
977 944 1079 1013 uento
1102 945 1230 1010 uacant.

709 1080 743 1147 V

273 1199 412 1292 Quique
432 1202 568 1290 propter
584 1197 911 1290 Hionibaliscopias
929 1196 1128 1268 considerat.

703 1335 752 1406 Vl

209 1463 246 1523 15
273 1452 408 1544 Sparsis
431 1454 535 1525 hastis
558 1455 669 1546 longis
689 1476 826 1546 campus
849 1454 1001 1545 splendet
1022 1454 1055 1520 et
1074 1451 1196 1522 horret.

681 1591 744 1663 Vll
757 1589 773 1627 tlt

274 1707 379 1792 Quam
397 1710 520 1778 tantam
540 1713 682 1782 statuam
701 1715 823 1781 statuet
842 1708 986 1802 populus
1004 1705 1175 1775 Romanus

273 1812 422 1896 Quamne
441 1812 636 1902 columnam,
657 1837 742 1908 quae
761 1819 859 1908 leque
878 1816 911 1882 el
928 1816 985 1882 tua
1003 1811 1102 1903 gesta
1119 1808 1284 1900 loquatur.

170 2011 312 2078 Mercerus)
383 2013 417 2061 lV
437 2014 582 2065 Macrobius
596 2017 650 2067 Sat.
664 2018 731 2068 vla
750 2032 777 2083 p.
791 2014 842 2067 513
856 2016 913 2066 lau.
940 2016 1094 2077 ‘tumpoter
1113 2010 1284 2074 omnipotens,

171 2100 254 2133 rerum
269 2085 311 2133 cui
326 2098 427 2134 summa
440 2093 569 2149 potestas,
592 2087 661 2137 lutlt:
683 2101 715 2138 eo
734 2087 834 2137 dicente
847 2085 924 2136 deum
939 2083 1031 2133 domus
1052 2081 1104 2131 alta
1124 2079 1234 2137 silescit,
1255 2080 1286 2127 Et

170 2154 318 2204 tremefacta
331 2153 386 2203 solo
399 2153 489 2215 tellus,
509 2155 567 2204 silet
583 2157 677 2206 arduus
692 2156 789 2207 aether.
818 2157 883 2205 Tum
896 2155 966 2203 uenti
980 2166 1102 2218 posuere,
1123 2149 1215 2215 premit
1230 2148 1286 2213 pla-

170 2224 229 2272 cida
243 2237 353 2286 aequora
369 2231 470 2288 pontus.
502 2224 578 2290 [Aen.
592 2227 616 2275 X
630 2225 691 2290 100]
705 2226 801 2276 Ennius
815 2227 842 2275 in
857 2224 993 2290 Scipione:
1010 2221 1133 2271 mundus'
1148 2236 1171 2269 e.
1188 2235 1213 2281 q.
1228 2235 1250 2267 s.

206 2294 229 2340 V
249 2292 346 2341 Gellius
364 2293 429 2342 lV7
451 2295 585 2344 ‘Valerius
599 2296 697 2346 Probus
767 2295 937 2345 Hannibalem
957 2301 981 2341 et
995 2289 1182 2341 Hasdrubalem
1201 2297 1223 2338 et
1237 2289 1289 2336 Ha-

171 2363 302 2412 milcarem
323 2363 358 2411 ite
381 2364 576 2427 pronuntiabat,
606 2375 634 2414 ut
655 2365 838 2431 paenultimam
861 2362 1070 2413 circuinllecteret
1168 2357 1286 2407 Plautum

172 2440 196 2482 et
210 2432 319 2481 Ennium
334 2432 554 2495 multosque-alios
567 2443 666 2485 ueteres
683 2449 713 2485 eo
728 2435 804 2484 modo
820 2433 1000 2500 pronuntiasse
1016 2431 1135 2490 alllrmat,
1154 2428 1234 2477 solius
1248 2435 1287 2475 ta—

171 2516 230 2551 men
243 2502 319 2551 Ennii
332 2516 435 2551 uersum
449 2517 527 2552 uuum
544 2506 616 2569 ponit
630 2521 662 2555 ex
677 2505 757 2565 libro,
777 2506 821 2568 qui
835 2504 949 2569 Scipio
966 2501 1121 2552 inscribitur.
1151 2499 1215 2547 Eum
1229 2513 1287 2547 uer-

171 2587 228 2622 sum
242 2571 366 2634 quadrato
380 2586 484 2622 numero
498 2572 593 2624 lactum
608 2575 778 2634 subiecimus,
799 2575 825 2623 in
840 2588 890 2637 quo
903 2572 954 2622 nisi
970 2572 1045 2622 tertia
1057 2569 1157 2634 syllaba
1173 2569 1205 2618 de
1219 2569 1287 2617 Han-

171 2641 266 2692 nibalis
280 2642 383 2692 nomine
401 2642 564 2694 circumflexe
577 2653 722 2710 promatur,
741 2660 861 2695 uumerus
876 2642 1010 2692 clausurus
1025 2649 1073 2691 est.
1102 2640 1199 2689 Versus
1214 2637 1289 2686 Ennii

172 2727 248 2775 quem
263 2712 329 2762 dixit
342 2713 378 2762 ita
392 2719 443 2761 est:
464 2715 578 2777 quaque⁹
595 2731 617 2765 e.
633 2731 657 2778 q.
672 2731 694 2764 s.
767 2715 802 2763 Vl
822 2713 967 2764 Macrobius
981 2711 1036 2761 Sat.
1047 2711 1084 2760 Vl
1097 2711 1114 2759 d
1128 2724 1154 2773 p.
1166 2706 1217 2759 519
1230 2707 1288 2756 lan.

173 2787 240 2830 ‘tum
259 2781 358 2832 terreus
377 2781 458 2833 hastis
477 2783 566 2834 Horret
587 2801 658 2852 ager.
695 2783 776 2850 [Aen.
792 2783 829 2833 Xl
845 2781 912 2846 ool]
936 2783 1053 2831 Horret
1073 2780 1137 2829 mire
1157 2776 1288 2827 sehabet.
1332 2799 1335 2803 ·

172 2851 224 2902 Sed
249 2859 273 2901 et
294 2853 391 2902 Ennius
414 2854 440 2902 in
466 2862 555 2916 quarto
580 2855 679 2905 decimo
707 2852 776 2919 [Vll]
800 2862 825 2904 et
846 2854 873 2902 in
894 2851 1036 2902 Erechtheo
1059 2847 1165 2914 [Vl]et
1187 2848 1213 2895 in
1232 2845 1289 2895 Sci-

172 2923 249 2988 pione
265 2923 314 2971 ...’
342 2922 448 2972 Samius
469 2924 495 2972 in
512 2926 575 2974 Aen.
593 2925 629 2974 x1
644 2924 694 2976 601
716 2924 841 2973 ‘horret
858 2931 942 2972 autem
961 2919 1082 2970 terribilis
1101 2925 1148 2968 est.
1179 2918 1225 2966 Est
1243 2931 1288 2965 au-

172 3001 223 3042 tem
246 3007 336 3042 uersus
355 2993 486 3043 Ennianus
508 2994 667 3061 uituperatus
689 3009 705 3043 a
727 2993 828 3044 Lucilio
852 2993 952 3042 dicente
975 3006 1022 3056 per
1045 2988 1204 3048 irrisionem,
1232 3001 1290 3034 eum

173 3062 294 3112 debuisse
318 3063 404 3112 dicere
428 3062 541 3113 horret
565 3073 596 3114 et
620 3064 726 3131 alget!
804 3063 852 3112 Vll
881 3060 1025 3111 Trebellius
1054 3058 1136 3109 Pollio
1161 3055 1251 3108 Claud.
1274 3056 1290 3105 7

218 3245 250 3296 la
282 3239 362 3293 itiner
391 3239 508 3296 Botltius
604 3245 637 3299 13
672 3240 822 3295 constitere
850 3236 1016 3292 Scriberitts.
1044 3238 1203 3289 constatere
1228 3231 1289 3285 cod.

174 3324 255 3378 Bodl.
278 3325 433 3379 consistere
456 3328 541 3380 ceteri
562 3325 626 3380 libri
710 3330 813 3380 uocant
834 3321 909 3377 Med.
934 3321 978 3376 An
993 3325 1097 3390 ungant
1118 3323 1131 3372 ?
1153 3316 1192 3388 cs.
1209 3316 1289 3370 Hert.

174 3408 268 3462 Lustr.
284 3407 351 3462 XII
435 3413 469 3466 14
489 3427 599 3480 quaque
618 3409 661 3463 M.
680 3409 818 3464 Hertzius.
843 3422 898 3478 qua
920 3406 980 3462 Vol.
1003 3405 1074 3459 Par.
1090 3402 1220 3458 Bottertd.
1242 3401 1289 3471 qui
1361 3432 1364 3439 ,

175 3493 264 3562 uulpo.
291 3494 394 3563 quique
414 3500 480 3564 post
501 3495 570 3549 alios
587 3495 622 3548 F.
638 3494 762 3549 Biltertts
782 3491 1038 3563 prem.1)orrnst.
1058 3492 1127 3547 1840
1144 3505 1177 3558 p.
1194 3490 1245 3544 391

218 3576 357 3631 hanibalis
372 3577 443 3631 Por.
531 3577 693 3633 considerat
707 3578 779 3632 Por.
795 3576 921 3632 Rotterul.
943 3574 1124 3630 considerant
1148 3571 1208 3626 Vel.
1229 3585 1292 3624 eum

175 3662 272 3714 ceteris
359 3667 393 3718 15
408 3663 518 3732 spassis
529 3662 599 3716 Par.
618 3663 712 3733 spasis
729 3662 819 3733 Neap.
908 3659 1107 3716 Tetrametrum
1122 3656 1292 3710 trochaicum

177 3745 285 3816 sparsis
377 3746 507 3816 splendet
522 3747 672 3816 horretque
689 3754 716 3802 ot
734 3747 820 3818 gemit
835 3747 983 3816 proposuit
1003 3745 1038 3798 F.
1051 3743 1175 3798 littteras
1189 3743 1208 3795 l.
1223 3755 1248 3795 s.

219 3835 251 3890 16
273 3846 356 3900 quam
371 3836 474 3886 tantam
488 3831 684 3886 Lachmannus
702 3831 741 3885 ad
756 3831 840 3886 Lacr.
856 3829 908 3885 111
923 3833 1001 3888 1034.
1024 3833 1155 3899 quantam
1181 3825 1289 3880 Trebel-

175 3918 236 3971 lius.
263 3931 326 3970 nam
349 3921 480 3986 quantam
503 3916 670 3983 Salmasius,
692 3917 778 3971 altero
794 3930 880 3970 uersu
896 3931 951 3971 nort
967 3913 1054 3970 wia
1067 3912 1118 3967 sed
1132 3912 1292 3979 sententium

171 4004 272 4074 poetae
293 4017 311 4053 a
330 4000 461 4058 Trebellio
481 4016 646 4074 expressam
670 4015 729 4056 esse
748 4001 876 4070 opinatus
962 4004 1064 4054 statuet
1083 3995 1290 4051 Lachmannus.
1354 4059 1358 4066 Ι

176 4089 260 4142 laciet
283 4085 433 4143 Trebellius
517 4091 549 4147 17
572 4102 694 4157 quamue
711 4085 920 4158 Locbmonmts.
942 4076 1075 4156 quintam
1100 4078 1248 4134 Trebellius

193 4236 197 4245 ,
219 4188 291 4242 quae
312 4177 394 4244 teque
417 4179 444 4226 et
459 4178 506 4228 tua
528 4171 620 4244 gesta]
637 4187 709 4242 quae
731 4187 776 4225 res
796 4176 857 4225 luas
875 4174 971 4242 gestas
991 4166 1149 4222 Trebellius.
1173 4179 1244 4235 quae
1266 4169 1291 4216 te

86 4312 90 4319 ,
176 4274 222 4312 res
239 4263 391 4329 gestasque
407 4256 612 4312 Loebmamnts.
630 4271 675 4310 res
693 4272 764 4327 quae
780 4272 813 4310 eo
829 4261 875 4309 tua
892 4260 973 4328 gesta
987 4251 1117 4308 Columna
