2932 4942
603 322 831 378 ENNIANAE
948 317 951 326 '
1072 393 1075 399 Ι
1169 326 1271 374 xxurr

167 489 277 550 Nouius
300 509 328 570 p.
355 489 433 565 197,
452 488 477 549 ’8
500 498 530 549 et
547 488 695 549 Charisius
719 487 731 547 I
749 507 777 568 p.
802 488 842 547 55
864 487 894 547 Ρ.
915 488 1090 564 couinbgnqt
1108 489 1185 564 ¹(inc.
1209 484 1271 543 sed.

127 586 130 591 ⁴
168 595 283 676 XXV),
306 615 364 656 uon
383 599 478 677 possit
501 612 557 654 non
588 613 625 654 ex
654 575 1021 674 anualibns‘depromptns
1051 612 1129 654 esse.
1169 591 1272 670 Neque

168 721 239 762 nero
261 704 319 764 alio
343 707 462 783 saepius
483 703 610 772 carmine
635 706 678 762 usi
701 711 767 762 sunt
790 704 969 778 grammatici
999 719 1087 784 quam
1111 701 1272 776 annalibus,
1343 776 1348 787 ι

167 818 197 869 ut
218 811 242 868 si
265 811 301 871 de
324 829 413 874 uersu
433 791 603 871 hexametro
627 819 729 888 agatur
751 817 799 869 ant
823 812 871 888 qui
894 810 1026 869 uideatur
1044 826 1113 868 esse
1139 808 1274 867 hexame-

133 901 137 909 ’
167 924 223 992 ter,
245 919 371 976 omniurn
395 920 515 997 primunr
538 918 653 994 cogites
675 916 712 975 de
731 915 890 975 annalibus.
920 914 1181 994 Eldemepisodio,
1205 932 1273 974 con·

168 1023 227 1083 lato
247 1025 371 1083 maxime
394 1013 534 1101 Aescby'li
554 1024 647 1084 Proin.
672 1022 745 1098 214,
769 1025 870 1083 nescio
895 1042 930 1083 au
950 1024 985 1084 fr.
1007 1021 1089 1100 LIX,
1113 1026 1137 1082 si
1160 1024 1275 1102 quidem

168 1133 252 1220 recte
275 1151 291 1192 a
310 1151 356 1192 me
376 1133 558 1193 emendatum
579 1140 635 1208 est,
660 1131 829 1190 conueniat:
854 1130 931 1210 qnod
953 1131 1002 1207 ibi,
1023 1130 1072 1190 ubi
1094 1149 1169 1190 nunc
1187 1129 1275 1190 babe-

170 1247 226 1314 tur,
249 1257 349 1318 parum
371 1249 438 1319 apte
463 1240 613 1301 conlocari
633 1256 702 1299 sero
725 1226 877 1314 intelleq'go.

206 1423 209 1429 Ι
256 1343 327 1406 Gom
357 1346 471 1421 Albano
499 1366 577 1425 rege,
605 1349 721 1408 Aeneas
755 1345 943 1422 congreditur
975 1343 1110 1423 (XXVII.
1143 1341 1275 1403 XXVIII.

170 1440 275 1513 XXIX.
300 1452 391 1513 XXX.
414 1454 537 1535 XXXI).
559 1456 635 1516 Alba
656 1456 742 1529 enlm,
764 1453 813 1512 ubi
834 1471 900 1527 res,
927 1453 963 1512 de
992 1453 1097 1531 quibus
1125 1451 1198 1511 inira
1220 1469 1276 1512 ¹en-
1341 1506 1345 1518 ,

137 1577 140 1583 ·
170 1578 291 1640 ponam,
312 1560 383 1621 Iliae
405 1572 555 1640 geruntur,
576 1554 654 1641 'apud
677 1560 799 1621 Ennium
819 1558 908 1618 multo
937 1567 1003 1618 aute
1024 1558 1144 1618 Aeneae
1172 1559 1278 1619 aduen-

171 1678 230 1727 tum
254 1676 399 1734 extructa;
427 1669 556 1728 utillum
587 1666 728 1728 credibile
756 1668 794 1725 sit
823 1665 977 1724 confestim
1004 1665 1040 1725 ad
1073 1666 1148 1752 huuq
1176 1685 1277 1743 regem
1311 1718 1313 1724 ,

172 1776 352 1854 perrexisse.
391 1773 565 1833 sciscitante
588 1775 675 1850 igitur
688 1772 783 1833 Albae
803 1791 876 1857 rege
897 1773 934 1832 de
958 1773 1131 1836 aduenarum
1154 1775 1277 1852 ortgiue,

74 1870 78 1887 ¹
173 1880 279 1940 iudea
310 1878 380 1939 Ioue
403 1879 498 1956 gentis
517 1880 663 1958 prinpria
691 1878 825 1953 deducit,
854 1897 911 1939 non
941 1880 1026 1940 aliter
1043 1889 1129 1959 atque
1159 1882 1200 1955 Is,
1231 1881 1278 1958 qui

173 1987 267 2047 Ennio
290 1984 511 2062 obuersabatnr,
532 1962 649 2047 Homeri
665 1987 782 2047 Aeneas
803 1986 836 2048 Il.
859 1991 887 2046 Y
901 1987 978 2047 215:
1001 1989 1115 2067 qnando
1132 1988 1176 2049 his
1190 1987 1279 2057 Grae·
1354 2002 1356 2006 ⁴

174 2097 217 2156 cis
230 2093 324 2173 (239)
341 2083 522 2173 Ἀσσάρακος
536 2089 569 2153 δὲ
579 2086 698 2173 Κάπυν,
713 2086 729 2156 ὁ
746 2087 771 2155 d'
783 2087 822 2177 alp
829 2087 967 2177 Ἀγχίσην
980 2094 1043 2156 τέκε
1058 2095 1160 2173 παῖδα,
1176 2083 1281 2174 Αὐτὰρ
1382 2160 1387 2168 ‚

53 2240 56 2245 -
176 2191 219 2280 ἔμ’
232 2192 366 2281 Ἀγχίσης
387 2201 568 2278 respondent
589 2201 654 2262 iere
676 2204 711 2263 ad
731 2199 1002 2264 uerbumstsnmana
1034 2200 1175 2264 Assaraco
1198 2213 1282 2289 acum

174 2315 256 2386 (lapus
284 2316 401 2384 optimas
427 2314 504 2385 isque
527 2315 606 2385 piam
634 2315 672 2371 es'
699 2331 729 2378 ss
752 2316 891 2374 Anchasea
917 2321 1033 2388 aeneam
1054 2309 1192 2390 (XXIX).
1234 2308 1279 2369 De

174 2436 209 2477 ea
236 2416 348 2493 orIgine
375 2413 413 2474 ci.
437 2413 625 2494 Philargyrus
647 2420 675 2478 iu
702 2418 810 2497 Georg.
834 2417 874 2479 III
896 2417 936 2478 35
960 2426 989 2478 et
1011 2419 1131 2478 Seruius
1153 2418 1181 2476 iu
1204 2416 1277 2475 Aen.

174 2524 214 2584 VI
231 2522 304 2599 778,
328 2522 417 2583 Silius
437 2520 555 2584 ItaIIcus
570 2524 610 2585 XI
625 2524 686 2586 290
698 2544 764 2605 sqq.
804 2525 924 2585 Ennium
943 2514 1061 2585 secutus
1078 2522 1283 2600 estVergiIius

90 2650 93 2655 ·
174 2633 266 2711 (Aen.
289 2629 357 2691 VIII
377 2627 544 2711 127sqq.),
569 2636 623 2712 qui·
637 2634 767 2712 Aeneam
788 2634 858 2694 facit
874 2632 1009 2692 Euandro
1032 2633 1095 2709 regi
1118 2632 1154 2691 de
1168 2631 1281 2707 orIgine

109 2808 112 2812 ¹
173 2739 293 2817 generis
326 2744 518 2796 enarrantem.
570 2738 598 2799 ls
633 2760 697 2801 cnm
723 2740 888 2816 Atlantem,
913 2730 1074 2800 ‘aetherios
1104 2757 1204 2799 nmero
1235 2739 1283 2817 qui
1365 2750 1367 2754 ⁴

175 2849 299 2906 sustinet
314 2843 418 2904 orbes'
438 2845 533 2925 (137)
552 2848 600 2907 nel
616 2839 707 2909 ‘caeli
723 2851 771 2927 qni
785 2849 881 2908 sidera
894 2849 984 2909 tollit'
1000 2847 1106 2925 (141),
1126 2847 1201 2905 inter
1213 2863 1284 2922 gen-

175 2950 212 3008 tis
233 2958 368 3009 auctores
392 2951 527 3029 designet
549 2963 637 3033 atque
660 2953 718 3013 boc
741 2964 896 3033 praeterea
917 2971 1052 3013 sermone
1072 2950 1202 3011 EnnIauo
1225 2960 1284 3010 uta-

179 3064 225 3113 tur
246 3060 341 3129 accipe
356 3060 446 3132 dopna
464 3063 563 3132 fidam.-
586 3077 643 3118 non
667 3061 730 3118 sine
752 3060 840 3119 multa
862 3059 1067 3139 probabilitate
1080 3057 1156 3117 etfr.
1176 3053 1286 3117 XXVII
1308 3102 1309 3106 ,

178 3163 215 3237 de
236 3161 353 3222 Atlante
376 3162 548 3239 intellegas,
578 3165 711 3240 quem'in
737 3183 911 3244 proauorum
940 3182 1060 3225 numero
1081 3164 1198 3223 Aeneas
1225 3163 1285 3224 lan·

178 3261 302 3346 danerit,
323 3278 352 3329 et
373 3269 408 3328 Ir.
426 3267 509 3328 XXX
531 3270 625 3330 eidem
642 3271 761 3333 Aeneae
782 3275 935 3335 amicitiam
957 3274 1189 3352 societatemque
1220 3290 1284 3332 cnm

123 3385 126 3389 '
179 3394 253 3455 rege
265 3375 380 3436 Albano
396 3377 527 3454 iungeuti
548 3378 697 3439 attribuas.
733 3379 792 3440 Sed
816 3398 852 3439 ne
869 3381 943 3442 baec
961 3381 1093 3460 quidem,
1111 3399 1193 3459 qnae
1214 3399 1282 3458 reg·
1338 3436 1342 3443 .

179 3495 228 3546 nat
257 3486 285 3544 iu
311 3483 356 3544 his
378 3483 695 3562 rebus-incertitudo,
711 3487 901 3547 confidentius
921 3506 991 3547 uera
1015 3507 1081 3547 esse
1102 3488 1284 3548 adfirmarim.

179 3593 243 3653 Nec
263 3594 337 3652 enim
358 3594 395 3653 ita
423 3594 620 3654 reiectanenm
645 3602 707 3671 est,
742 3594 819 3672 qnod
839 3595 890 3655 1110
907 3613 995 3655 uersu
1017 3594 1158 3675 (XXVII)
1186 3595 1285 3656 Ionem

180 3701 335 3778 significari
363 3699 493 3758 editores
515 3709 691 3761 statuerunt:
720 3702 749 3760 in
771 3720 856 3780 qnam
877 3720 939 3762 rem
962 3701 1073 3763 Merula
1101 3721 1159 3762 non
1186 3705 1285 3782 inepte

179 3807 236 3868 hoc
264 3804 373 3884 Orphei
398 3806 428 3864 in
453 3806 564 3881 hymnis
594 3826 681 3867 uersu
704 3810 763 3870 Ζεῦ
784 3800 891 3889 πάτερ,
921 3799 1105 3891 ὖψίδρομον,
1133 3804 1286 3890 amman

179 3907 291 3992 κόσμον
311 3907 444 3973 emanat
463 3914 559 3972 utitur.
607 3915 704 3994 Atque
733 3915 784 3980 de¹
798 3914 868 3975 Ione
893 3915 1037 3995 iutellerpit
1058 3915 1142 3976 Ennii
1171 3933 1287 3986 uersum

180 4020 310 4080 Isidorus
336 4017 389 4096 (de
413 4028 470 4079 nat.
495 4020 552 4081 rer.
583 4041 609 4082 c.
636 4019 674 4082 12
699 4043 727 4103 p.
758 4015 973 4101 981‘otigu.),
1003 4039 1089 4099 quem
1116 4022 1161 4080 his
1187 4020 1286 4099 verbis

179 4134 227 4206 qni
256 4131 345 4186 uolass
375 4132 467 4188 orbem
504 4137 587 4191 stellas
621 4136 779 4190 ardentibus
813 4134 994 4207 resumentem
1022 4128 1125 4187 Imitari
1162 4126 1285 4185 uidetur.

180 4234 283 4313 Neque
312 4233 383 4294 illud
411 4236 506 4312 magui
542 4239 636 4314 lacio,
674 4239 752 4317 qnod
778 4237 944 4298 llacrobins
973 4235 1034 4294 Sat.
1050 4232 1138 4294 Vll
1170 4250 1199 4314 p.
1223 4231 1285 4294 498
1367 4229 1400 4309 J
