2932 4942
602 314 845 384 nnnrovrnn
1221 303 1281 377 121

185 493 247 554 255
274 483 318 553 'ld
343 484 429 576 agit,
463 484 495 554 id
520 485 646 568 studet,
681 483 724 553 ibi
751 486 892 553 mentem
918 487 1016 576 alque
1044 482 1187 552 animum
1218 484 1282 553 de-

831 587 930 656 lectat
953 609 1060 655 sunm.

308 685 450 759 .'0tioso
471 688 504 758 in
522 687 589 758 otio
609 687 738 757 animus
760 687 864 760 nescit
882 690 959 783 quid
977 691 1067 761 uelit.

272 792 334 861 Hic
357 790 469 861 itidem
489 796 559 862 esl:
587 792 673 860 enim
700 783 808 884 ne'que
829 793 916 863 dorni
942 816 1029 863 nunc
1053 794 1115 864 nos
1137 818 1197 865 nec
1217 797 1282 865 ml-

832 896 921 967 litiae
941 919 1073 968 sumus:

270 1007 369 1075 'lmus
388 1005 469 1090 huc,
489 1005 568 1077 illuc
585 1004 676 1075 hino:
700 1026 774 1076 cum
792 1000 1023 1174 illpcbupntum
1042 1005 1108 1086 est,
1130 1001 1177 1071 ire
1196 1000 1283 1091 illinc

741 1169 743 1174 ,
766 1165 773 1180 ,
848 1129 869 1174 u
893 1127 911 1173 e
935 1129 942 1174 :

272 1210 407 1280 ‘lncerte
429 1215 515 1281 errat
534 1210 680 1295 inimus,
707 1208 991 1301 praeterpropter
1010 1207 1111 1277 uitam
1130 1206 1262 1276 uiuitur.

693 1325 728 1393 V
740 1323 757 1362 ²l¹

182 1439 245 1501 260
272 1429 422 1499 'Animus
440 1452 544 1522 aeger
559 1429 691 1520 semper
711 1432 798 1499 errat
816 1429 924 1522 ne'que
941 1427 1009 1518 poti
1030 1408 1137 1519 neque
1155 1426 1283 1517 pe'rpeli

272 1533 364 1603 Polis
386 1537 437 1603 est
477 1585 735 1602 ......
775 1534 897 1632 cripere
919 1553 1098 1624 numquam
1119 1529 1247 1599 desinit.

674 1647 722 1719 VI
737 1647 779 1685 Η

604 1754 831 1849 ⁸Agamemno

273 1853 356 1938 Quis
371 1853 471 1924 homo
488 1859 520 1925 te
535 1856 732 1947 exuperauit
744 1876 886 1948 usquam
902 1853 1051 1945 gentium
1068 1851 1283 1944 inpudentia?

379 1978 382 1983 '
640 1975 811 2045 Menelaus

275 2075 357 2159 Quis
380 2078 446 2184 lete
466 2079 575 2146 aulem
597 2077 743 2148 malitia?
778 2116 782 2123 ·

695 2194 757 2265 Vll

622 2300 653 2368 A
701 2319 832 2369 memno

207 2467 210 2473 .
272 2397 442 2467 Menelaus
469 2421 521 2469 me
549 2322 727 2495 oblurggaat?
764 2402 797 2473 id
823 2399 904 2470 meis
932 2397 1032 2467 rebus
1052 2396 1202 2489 regimen
1226 2395 1284 2466 re-

834 2504 932 2574 slital.

169 2683 273 2719 sensus:
293 2669 388 2718 incerte
459 2671 575 2720 uiuitur!
645 2673 669 2721 V
689 2671 778 2723 Cicero
792 2672 868 2720 Tunc.
885 2671 953 2735 disp.
974 2669 1009 2718 lll
1025 2667 1050 2728 3,
1065 2668 1082 2717 5
1101 2669 1142 2715 ‘at
1163 2673 1187 2715 et
1202 2666 1284 2714 morbi

169 2739 366 2804 perniciosiores
387 2737 525 2802 pluresque
546 2748 605 2789 sunt
629 2742 708 2791 animi
729 2756 806 2804 qnam
827 2740 950 2805 corporis.
988 2736 1107 2786 illenim
1128 2737 1180 2800 ipsi
1201 2732 1284 2785 odiosi

170 2816 243 2865 sunt,
263 2807 332 2869 quod
346 2806 380 2856 ad
395 2809 507 2857 animum
522 2804 650 2874 pertinent
663 2826 772 2872 eumque
787 2809 941 2867 sollicitant,
965 2808 1158 2867 animusque
1173 2820 1283 2870 aeger,

171 2884 198 2925 ul
211 2876 246 2924 fill
259 2877 371 2934 Essssltlfii
392 2876 532 2941 fle'mper’
552 2895 575 2928 e·
590 2895 615 2941 q.
630 2895 652 2928 s.
686 2879 769 2930 Ohoro
786 2878 850 2928 haec
863 2877 1014 2942 responderi
1027 2873 1056 2925 0.
1072 2873 1208 2923 Ribbeckii
1228 2888 1284 2922 ens-

170 2945 237 3010 pitio
259 2952 297 2993 est
366 2944 403 2992 VI
422 2945 511 2995 Cicero
524 2947 600 2996 Tnsc.
617 2949 685 3013 disp.
703 2949 738 2998 lv
754 2947 797 3007 36,
813 2949 846 2998 77
865 2948 919 2996 ‘ira
992 2945 1064 2993 onius
1078 2941 1182 3008 inpulsu
1199 2943 1286 2991 existit

171 3014 248 3064 etiam
266 3014 332 3061 inter
348 3011 440 3063 iratres
456 3014 507 3067 tale
527 3017 653 3082 iurgium:
674 3018 731 3080 quis
746 3017 836 3066 homo'
862 3032 885 3065 e.
900 3031 925 3078 q.
939 3030 960 3063 s.
996 3013 1084 3063 ‘Nosti
1096 3027 1162 3075 qnae
1174 3027 1285 3074 sequnn-

170 3091 224 3132 tur:
245 3082 384 3132 alternis
399 3084 482 3132 enim
496 3086 652 3135 uersibus
666 3087 900 3149 intorquentur
916 3085 1004 3133 inter
1016 3081 1138 3132 iratres
1154 3083 1285 3147 granis-

170 3153 270 3202 simae
291 3152 526 3215 contumeliae,
551 3163 579 3204 nt
599 3154 675 3206 facile
696 3164 820 3223 appareat
838 3155 929 3204 Atrei
948 3153 1045 3203 illios
1062 3151 1137 3202 esse!
1172 3151 1228 3200 Huc
1244 3167 1285 3200 re-

171 3223 274 3272 uocauit
286 3221 430 3272 Drintzerns
444 3222 509 3273 Mus.
529 3224 611 3274 Rhen.
632 3226 656 3274 V
670 3227 722 3275 444
734 3241 773 3288 sq.
793 3233 818 3275 et
836 3223 963 3290 Bergkins
975 3223 1031 3271 lnd.
1048 3222 1106 3274 lect.
1123 3220 1204 3270 Marb.
1220 3228 1284 3270 aest.

172 3291 241 3344 1844
261 3307 287 3358 p.
301 3290 349 3340 Xll
372 3290 406 3341 er.
420 3292 554 3343 Dobraeus
568 3295 636 3344 Adn.
660 3293 750 3345 11373
819 3295 867 3344 Vll
890 3293 1040 3342 Rufinianus
1059 3292 1091 3341 de
1108 3291 1152 3356 ng.
1175 3298 1240 3341 sent.
1261 3299 1286 3340 et

171 3362 237 3411 aloc.
261 3360 322 3425 §ll
347 3375 374 3426 p.
389 3362 440 3413 205
454 3361 556 3412 Ruhnk.
584 3365 774 3431 ‘aganactesis,
794 3364 951 3430 indignatio,
971 3378 1036 3426 qnae
1053 3361 1081 3411 lit
1096 3361 1209 3411 maxime
1225 3375 1287 3427 pro-

174 3473 371 3483 .-—-—-—-

212 3542 264 3596 255
280 3536 354 3609 agit,
372 3535 401 3591 id
415 3534 446 3592 0.
459 3534 634 3594 Ribbeclcius.
653 3536 742 3612 agitat
757 3537 835 3595 Voss.
852 3539 910 3610 agit
925 3539 1010 3594 ceteri
1023 3537 1087 3593 libri
1170 3539 1222 3594 257
1238 3536 1285 3592 hio

171 3622 268 3678 itidem
291 3620 588 3679 cameracum
611 3623 686 3679 idem
702 3623 765 3680 tciri
847 3625 922 3679 enim
942 3640 1032 3695 neque
1052 3622 1083 3679 S.
1100 3622 1232 3678 German.
1250 3640 1286 3677 m.

170 3709 219 3763 alt.
246 3723 291 3761 em
311 3722 402 3778 neque
422 3707 493 3762 idem
511 3725 549 3763 m.
566 3726 616 3780 pr.
644 3708 722 3766 Voss.
743 3708 868 3782 Franco.
889 3708 1021 3782 Mapliob.
1045 3725 1135 3780 neque
1156 3707 1244 3780 Lupo.

212 3797 265 3851 258
291 3792 357 3862 illuc
376 3791 442 3846 hinc
464 3793 535 3848 libri.
563 3792 629 3850 hine
660 3795 725 3850 illuc
753 3793 785 3850 0.
807 3794 984 3863 Ribbeclcias,
1005 3793 1159 3866 inpetitione
1175 3797 1243 3862 puto

212 3881 266 3936 260
287 3875 584 3949 portumnalia.
606 3880 664 3949 pati
683 3880 748 3935 libri
831 3884 881 3938 261
908 3880 982 3951 potis
1004 3885 1048 3933 est
1064 3876 1096 3934 θ.
1112 3873 1286 3932 simeonius.

170 3966 262 4033 potest
275 3962 340 4017 libri
429 3962 533 4020 Versus
546 3964 681 4035 disposuit
697 3962 728 4020 0.
742 3953 907 4020 Ribbeckius
993 3967 1179 4031 mnasonem
1194 3959 1285 4015 Oxou.

171 4047 249 4117 alr'q..
268 4046 418 4103 Bentleiis.
443 4064 576 4119 umquam
596 4051 682 4104 ceteri
694 4048 758 4104 lilrri
840 4052 894 4106 263
915 4048 977 4118 quis
993 4051 1047 4099 tote
1068 4051 1162 4099 autem
1180 4044 1286 4099 malitia

174 4128 205 4184 0.
219 4128 393 4186 nolano.
412 4133 474 4202 quis
493 4138 585 4188 autom
604 4150 640 4187 m.
660 4139 687 4188 te
699 4132 770 4188 libri.
787 4133 850 4203 quis
866 4136 892 4185 le
907 4137 998 4185 autern
1014 4128 1119 4184 malitia
1129 4126 1287 4184 Boultcrius

255 4217 308 4273 264
329 4215 436 4271 restitat
450 4217 591 4272 Bentleiin
606 4216 694 4290 lipsii
709 4218 750 4272 acl
761 4214 879 4273 Milium
894 4232 929 4289 p.
943 4218 988 4273 43.
1009 4217 1096 4269 restat
1111 4213 1286 4286 exemplaria
