2932 4942
172 368 235 432 16⁰
584 375 860 433 snrvltnnvn

169 545 299 630 uinres3
326 552 503 634 propterea
519 544 692 613 frumentis
711 546 967 615 flavescentibus
985 546 1065 636 pulli
1085 548 1185 617 ctiam
1204 556 1284 617 tunc

171 649 359 716 inuolueres
379 654 482 716 erant.
525 647 610 716 Dum
632 648 735 739 igitur
752 649 910 739 ipsatret
929 650 1038 718 cibum
1057 651 1158 741 pullis
1174 674 1284 744 quae-
1337 729 1341 733 ,

169 752 285 833 situm,
321 758 433 819 monet
460 772 537 834 cos,
579 756 629 833 ut,
669 752 698 819 si
725 752 804 844 qnid
829 752 871 821 ibi
898 753 945 821 rei
974 775 1084 823 nouae
1105 755 1201 824 fleret
1226 755 1285 823 di-

169 861 358 936 cereturue‚
394 854 692 922 animaduerterent
721 855 821 947 idque
852 855 899 923 uti
926 855 1004 940 sibi,
1040 857 1094 925 ubi
1130 857 1283 941 redisset,

170 957 365 1026 nuntiarent
419 957 579 1026 Dominus
600 962 720 1048 postea
743 964 895 1050 segetum
916 958 1047 1028 iliarum
1069 960 1174 1030 filium
1194 962 1285 1030 adu-

171 1062 349 1130 lescentem
365 1067 479 1143 uocat,
499 1064 547 1128 et:
569 1060 771 1145 “uidesne”,
792 1061 912 1153 inquit,
935 1061 1048 1132 “haec
1063 1064 1283 1133 ematuruisse
1356 1130 1365 1139 .

171 1173 204 1234 et
221 1186 339 1233 manus
364 1163 427 1231 iam
448 1163 643 1254 postutare?
676 1161 797 1233 idcirco
817 1165 870 1233 die
888 1166 1038 1250 crastini,
1066 1167 1121 1235 ubi
1142 1167 1283 1257 primum

171 1267 378 1350 diluculobit,
409 1267 462 1335 sac
483 1267 608 1336 amicos
630 1288 689 1336 eas
714 1272 748 1335 et
773 1288 893 1358 rogos,
925 1269 1059 1338 ueniant
1081 1291 1284 1363 operamque

172 1379 318 1440 mutuam
340 1369 418 1439 dent
441 1378 474 1439 et
496 1370 630 1438 messim
654 1370 739 1439 hanc
760 1371 856 1439 nobis
884 1371 1070 1441 adiuuent.'’
1111 1372 1203 1442 Haec
1226 1374 1283 1442 ubi

171 1474 351 1556 illedixit,
386 1480 419 1542 et
448 1473 611 1542 discessit.
664 1474 775 1565 Atque
808 1473 863 1542 ubi
899 1474 994 1544 rediit
1021 1476 1159 1560 cassita,
1201 1476 1283 1567 pulli

172 1576 384 1661 tremibundi,
411 1575 563 1667 trepiduli
587 1575 858 1666 circumstrepere
875 1598 1038 1670 orareque
1062 1582 1215 1663 matrem,
1246 1587 1284 1647 ut

172 1683 235 1750 iam
251 1680 359 1749 statim
373 1684 528 1770 properet
544 1679 643 1771 inque
661 1679 760 1748 alium
774 1680 883 1748 iocum
896 1701 973 1749 sese
990 1684 1153 1771 asportet:
1179 1688 1284 1751 “nam

172 1783 360 1868 dominus”‚
390 1783 555 1877 inquiunt,
587 1782 718 1867 “misit,
752 1783 807 1875 qui
834 1770 958 1853 amicos
985 1790 1099 1876 roget,
1133 1785 1180 1854 uti
1209 1785 1284 1853 luce

172 1888 300 1959 oriente
323 1885 457 1956 ueniant
480 1892 512 1956 et
537 1886 688 1955 metant.”
723 1886 828 1956 Mater
845 1885 934 1955 iubet
957 1909 1017 1956 eos
1041 1888 1150 1957 otioso
1173 1887 1283 1957 animo

172 2013 265 2062 esse:
307 1989 363 2061 “si
393 1988 478 2060 enim
513 1987 700 2074 dominus”,
737 1988 858 2082 inquit,
892 1990 1054 2060 “messim
1087 1991 1129 2059 ad
1158 1991 1283 2061 amicos

160 2093 279 2178 reicit,
318 2093 462 2164 crastino
489 2114 592 2184 seges
621 2115 688 2162 non
712 2096 851 2162 metetur
879 2114 987 2186 neque
1013 2115 1188 2163 necessum
1221 2100 1283 2179 est,

172 2196 271 2267 hodie
300 2197 344 2266 nti
372 2219 436 2266 uos
463 2194 640 2265 anserom.’'
675 2193 777 2282 ‘Die’,
807 2195 926 2288 inquit,
955 2199 1107 2287 ‘postero
1125 2201 1229 2266 meter
1250 2197 1284 2266 in

172 2300 329 2391 pabulum
346 2299 447 2370 uolat.
485 2299 661 2384 Dominus,
681 2320 767 2392 quos
782 2308 979 2392 rogauerat‚
999 2300 1178 2391 opperitur.
1223 2300 1285 2370 Sol

173 2404 286 2487 seruit,
315 2408 348 2474 et
368 2403 406 2473 fit
424 2401 502 2472 nihil
510 2425 519 2490 ;
548 2403 571 2470 it
591 2400 680 2486 dies,
708 2406 740 2471 et
763 2403 855 2471 amici
879 2402 959 2471 nulli
979 2407 1081 2472 erent.
1127 2404 1211 2473 Tum
1229 2402 1284 2472 ille

173 2529 304 2578 rursum
334 2505 378 2576 ad
402 2505 522 2575 filium:
560 2505 681 2574 “amici
708 2503 761 2574 isti
788 2528 944 2597 magnam
974 2505 1134 2597 partem”‚
1168 2506 1283 2599 inquit,

173 2614 388 2679 “cessatores
412 2612 499 2678 sunt.
542 2606 627 2691 Ouio
649 2606 761 2698 potius
782 2608 867 2677 imus
890 2613 923 2677 et
944 2615 1109 2702 cognatos
1133 2610 1285 2679 adfines-

173 2735 237 2807 que
251 2717 385 2782 nostros
400 2733 545 2797 ornmuS,
567 2714 603 2779 ut
623 2710 732 2780 adsint
746 2732 820 2780 cras
833 2713 972 2802 tempori
991 2712 1032 2782 ad
1049 2713 1284 2783 metendum?’'
1355 2776 1360 2783 .

173 2817 284 2886 Itidem
308 2815 372 2886 hoc
393 2816 469 2907 pulli
493 2815 654 2906 pauefacti
676 2814 770 2884 matri
793 2816 951 2884 nuntiant.
997 2816 1100 2885 Mater
1122 2816 1283 2900 hortatur,

173 2924 208 2990 nt
231 2924 298 2988 tum
319 2942 451 3012 quoque
474 2919 545 2989 sine
570 2920 657 2986 metu
679 2941 718 2986 ac
736 2917 807 2987 sine
829 2941 908 2988 cura
928 2918 1010 3003 sint,
1033 2925 1196 3011 cognatos
1219 2920 1285 2989 ad-

172 3023 322 3116 finesque
354 3023 463 3093 nultos
495 3024 597 3091 ferme
626 3023 691 3089 tam
719 3042 795 3089 esse
832 3021 1054 3114 obsequibiles
1083 3023 1143 3106 nit,
1178 3027 1214 3090 ut
1232 3023 1283 3090 ‘ad

170 3127 314 3196 laborem
335 3127 574 3218 capessendum
589 3122 668 3193 nihil
684 3128 877 3193 cunctentur
894 3129 926 3194 ct
946 3125 1054 3193 statim
1070 3125 1156 3194 dicto
1176 3127 1284 3195 oboe-

171 3230 276 3299 dinnt‘:
303 3236 394 3299 “uos
409 3228 542 3314 mod0”,
564 3227 683 3319 inquit,
708 3232 728 3262 “
739 3227 917 3311 aduertite,
946 3227 974 3296 si
998 3227 1097 3297 modo
1117 3228 1195 3320 quid
1220 3229 1284 3296 de-

171 3355 237 3402 nuo
256 3333 411 3402 dicetur.''
450 3332 526 3402 Alia
549 3331 622 3399 luce
643 3337 716 3399 orta
742 3331 815 3402 auis
837 3332 870 3400 in
895 3336 1035 3422 pastum
1051 3332 1199 3422 profecta
1221 3337 1281 3399 est.

170 3434 312 3526 Cognati
330 3441 362 3504 et
380 3435 507 3506 adfines
528 3456 672 3525 operam,
696 3455 794 3525 quam
816 3435 895 3503 dare
914 3435 1023 3525 rogati
1041 3440 1135 3520 sunt,
1159 3457 1282 3526 super-

169 3538 335 3607 sederunt.
382 3539 435 3606 Ad
458 3542 661 3628 postremum
685 3536 787 3629 igitur
805 3537 958 3606 dominns
974 3536 1060 3605 tilio:
1087 3538 1281 3622 “ualeant''‚

169 3640 290 3732 inquit,
320 3640 438 3708 “amici
464 3663 537 3708 cum
560 3639 763 3731 propinquis,
810 3640 941 3709 Afferes
961 3640 1066 3730 primo
1093 3640 1155 3709 luci
1178 3640 1283 3709 falces

169 3744 269 3813 duris:
298 3765 394 3812 unam
418 3747 551 3834 egomet
572 3741 649 3809 mihi
669 3751 702 3810 et
724 3745 761 3810 tu
780 3741 836 3811 tibi
859 3743 970 3833 capies
994 3744 1130 3813 atteram
1154 3744 1223 3812 ets
1261 3782 1283 3796 -

168 3851 313 3917 mentum
343 3845 562 3936 nosmetipsi
590 3845 740 3913 manibus
762 3846 885 3914 nostris
913 3867 986 3914 cras
1011 3847 1201 3916 metemus.''
1247 3847 1282 3915 ld

170 3951 224 4021 nbi
251 3974 293 4021 ex
320 3949 419 4041 pullis
442 3949 568 4018 dixisse
592 3946 760 4017 dominum
784 3951 888 4017 mater
910 3949 1053 4018 audiuit:
1086 3950 1281 4041 “tempus’'‚

38 4126 47 4133 ,
170 4055 290 4148 inquit,
324 4057 405 4123 “est
433 4051 569 4123 cedendi
593 4054 625 4118 et
648 4050 806 4140 abeundi3
835 4051 892 4120 fiet
917 4074 1003 4120 nunc
1028 4052 1128 4122 dubio
1153 4053 1280 4143 procui,

169 4160 258 4250 quod
284 4160 429 4228 futurum
453 4157 543 4231 dixit.
584 4153 619 4222 ln
644 4153 718 4243 ipso
744 4155 829 4223 enim
857 4155 920 4224 iam
948 4155 1102 4240 uertitur,
1130 4155 1204 4224 cuia
1227 4168 1282 4223 res

169 4267 236 4347 est,
264 4283 329 4332 non
355 4262 386 4331 in
410 4260 492 4345 elio,
521 4259 607 4328 unde
631 4257 786 4348 petitur.'’
829 4261 937 4350 Atque
963 4259 1008 4327 ita
1028 4257 1152 4363 cassitp
1167 4258 1282 4333 nidum
