2932 4942
167 380 230 448 166
490 381 963 442 HEDVPHAGETICORVM

532 582 912 656 HEDVPHAGETICA

271 770 430 842 Omnibus
452 772 494 841 ad
513 771 671 863 Clupeam
692 773 839 862 praestat
859 769 1000 838 mustela
1022 769 1156 837 marina.

270 877 380 944 Mures
403 878 481 944 sunt
499 875 601 960 Aeni,
630 875 741 965 spissa
760 876 871 942 ostrea
894 872 1033 962 plurima
1056 871 1176 962 Abydi.

270 978 330 1047 Est
366 981 483 1068 pecten
512 978 688 1068 Mitylenae
721 980 754 1045 et
783 975 871 1066 apud
900 974 1101 1046 Charadram
1135 974 1282 1042 Ambra-

833 1100 992 1170 eramque.

270 1173 448 1249 Brundusii
466 1184 619 1273 sargust:
647 1181 734 1249 bunc
755 1202 898 1271 magnus
925 1181 953 1249 si
978 1179 1039 1248 erit
1057 1177 1113 1246 tibi
1133 1199 1236 1246 sume.

227 1295 246 1356 5
273 1282 468 1374 Apriculum
489 1283 614 1373 piscem
634 1284 716 1352 scito
739 1284 877 1375 primum
899 1305 976 1352 esse
994 1279 1136 1351 Tarenti.

271 1385 421 1454 Surrenti
441 1386 514 1455 lace
534 1408 624 1456 emas
643 1386 814 1477 helopem,
843 1385 999 1477 glaucum
1020 1406 1102 1473 cape
1124 1381 1246 1452 Cumis.

204 1587 449 1637 Hauvnnasurrca
485 1584 629 1651 Appuleius
644 1587 676 1636 de
688 1587 774 1652 magia
788 1603 810 1636 c.
822 1585 856 1637 39
869 1602 895 1651 p.
904 1585 956 1636 484
969 1584 1033 1635 Oud.
1056 1582 1097 1642 ‘Q.
1114 1584 1210 1633 Ennius
1224 1584 1285 1633 Hc-

170 1655 405 1721 dyphagetica’
426 1654 853 1720 (hediphagetianux.Pith.
867 1655 989 1705 laedens
1002 1652 1285 1719 phagiticai'lor.c

169 1724 423 1791 hediphagitioa
441 1724 507 1773 Flor.
523 1740 547 1773 a.
568 1725 824 1791 edesphagitica
839 1725 911 1774 Fulu.
934 1722 1204 1788 Hedypathetioa
1222 1722 1286 1771 Sca-

170 1794 236 1860 liger
250 1795 330 1845 Catal.
344 1810 371 1859 p.
388 1790 454 1857 215)
480 1797 560 1857 ‘quae
581 1797 699 1845 uersibus
717 1795 821 1860 scripsit
841 1793 1038 1843 innumerabilia
1056 1793 1167 1857 piscium
1189 1807 1286 1856 genera

79 1869 81 1874 '
163 1871 315 1924 enumerat,
336 1879 401 1926 qnae
419 1863 517 1913 scilicet
538 1865 637 1914 curiose
653 1872 782 1929 cognorat.
815 1865 913 1913 Paucos
930 1878 1021 1912 uersus
1042 1862 1161 1921 memini,
1181 1875 1224 1909 eos
1244 1860 1286 1909 di-

171 1948 241 1982 cam:
258 1933 388 1984 omnibus'
404 1948 427 1981 e.
444 1948 468 1995 q.
484 1948 506 1981 s.
531 1933 612 1982 ‘alios
629 1935 704 1983 etiam
724 1933 811 1983 multis
830 1933 948 1983 uersibus
965 1932 1108 1990 decorauit,
1127 1938 1152 1979 et
1165 1930 1209 1978 ubi
1221 1945 1286 1995 gen-

170 2003 234 2052 tium
250 2003 358 2065 quisque
372 2017 472 2061 corum,
492 2002 633 2065 qualiter
648 2018 742 2054 assus
761 2010 814 2053 aut
833 2001 1054 2052 iussulentus'
1077 1999 1285 2066 (insulentus

216 2180 230 2230 l
258 2176 388 2230 omnibus
415 2181 444 2229 ut
465 2173 573 2246 Clypea
595 2175 667 2229 libri.
693 2176 824 2231 omnibus
853 2183 881 2231 at
904 2174 1025 2246 Clupeae
1050 2173 1193 2229 Turnebus
1211 2174 1285 2229 Adu.

171 2256 250 2312 XXI
272 2263 323 2325 21,
353 2257 477 2329 Sealr‘per
560 2264 578 2316 2
606 2259 679 2313 Aeni
701 2260 812 2330 spissa]
840 2259 913 2315 Aeni
934 2276 1036 2331 aspera
1056 2257 1127 2313 libri.
1149 2257 1221 2312 Aeni
1243 2265 1288 2313 ast

172 2358 257 2411 aspra
280 2341 436 2410 Turnebus,
462 2340 604 2415 Scallper,
627 2343 813 2400 Casauboaus.
842 2345 948 2412 Aenid;
970 2360 1053 2415 aspra
1075 2342 1229 2398 Salmasius
1250 2344 1290 2398 uel

173 2425 258 2480 Salia.
278 2442 310 2495 p.
332 2427 384 2484 794
470 2433 582 2480 austrea
603 2426 661 2481 uidi
682 2427 801 2482 Doruill.
887 2433 905 2487 3
927 2435 970 2484 ost
994 2434 1094 2500 pecten
1117 2428 1287 2498 Mitylenae]

172 2509 322 2579 mitylenae
343 2516 445 2581 pecten
462 2510 542 2564 Flor.
559 2527 586 2564 a.
608 2511 762 2583 Mithylena
780 2518 823 2566 est
844 2520 946 2583 pecten
966 2513 1038 2568 Pitll.
1057 2514 1109 2579 (at
1122 2513 1198 2578 uid.)
1224 2528 1288 2566 mus

172 2592 315 2647 Mitilenae
338 2601 381 2649 est
400 2600 501 2665 pecten
522 2595 601 2649 Flor.
624 2610 640 2649 c
658 2596 720 2650 eald.
742 2603 805 2651 ante
828 2597 944 2656 Casaub.
967 2614 1029 2652 mus
1052 2597 1223 2668 Mithylenae
1245 2603 1291 2651 est

172 2683 268 2747 petere
287 2679 331 2744 (ut
343 2678 415 2744 aid.)
430 2679 547 2734 Doruill.
563 2679 716 2750 Mitylenae
732 2687 775 2735 est
793 2689 893 2751 pecten
910 2682 1097 2739 casaubonus.
1116 2682 1229 2752 mitylus
1245 2688 1290 2735 est

172 2768 273 2832 pecten
289 2761 415 2834 Scaliper
501 2770 529 2817 et
544 2763 620 2834 apud
637 2764 821 2834 Charadram]
838 2767 985 2821 caradrum
1004 2765 1079 2836 apud
1096 2767 1198 2820 Flora
1213 2765 1288 2820 Pan.

173 2846 370 2917 caradrinique
394 2847 470 2918 apud
490 2848 569 2918 Flor.
586 2863 609 2902 a.
631 2849 834 2920 caradiumque
856 2851 931 2922 apud
947 2848 1065 2907 Daruill.
1083 2850 1290 2920 caradrumque

173 2932 333 3000 (atquae)
351 2931 427 3003 apud
443 2933 526 2987 Fula.
542 2933 603 2991 edd.
623 2939 687 2988 ante
702 2933 818 2989 Casaub.
836 2951 960 3006 aperque
978 2934 1053 3005 apud
1070 2934 1222 2991 Turnebus.
1243 2951 1290 2989 ca·

173 3031 296 3085 prosque
316 3017 393 3087 apud
409 3016 595 3072 Casuuboaus.
620 3017 832 3089 charadrusque
854 3019 929 3091 apud
952 3019 1086 3092 Scaliper.
1108 3018 1291 3073 charadrum-

174 3116 227 3169 que
247 3098 400 3156 Salmasius
486 3101 740 3173 Ambraciamque]
769 3103 938 3159 Vmbraciae
968 3105 1137 3171 (Vmbracie
1158 3105 1204 3159 uel
1219 3102 1289 3156 Vm-

170 3184 261 3238 bratie
277 3184 350 3240 Pau
367 3185 501 3244 Domiti.)
524 3184 589 3240 linis
611 3190 655 3253 (at
673 3188 753 3245 Flor.
773 3205 790 3241 a
805 3183 834 3262 c)
861 3190 920 3243 siue
939 3187 1010 3242 fines
1025 3187 1088 3242 libri
1107 3193 1133 3242 et
1147 3189 1208 3242 edd.
1227 3193 1291 3244 ante

174 3264 291 3324 Casaub.
309 3269 528 3325 Ambracienses
544 3269 731 3326 Casaubonas.
748 3271 917 3327 Ambraciae
933 3289 1031 3326 amnes
1050 3271 1202 3338 Turnebus,
1219 3271 1287 3327 Sca-

172 3353 250 3423 lr'per.
279 3344 439 3408 Ambraciai
462 3353 615 3410 Salmasius
705 3359 723 3412 4
744 3356 896 3411 Brundusii
915 3358 1042 3428 plerique
1062 3357 1132 3410 libri.
1156 3357 1290 3412 Brindisii

173 3437 251 3492 Flor.
272 3451 298 3489 a.
322 3437 457 3492 Brundini
485 3438 604 3494 Doruill.
632 3439 775 3494 Brundisii
802 3443 848 3496 uel
869 3442 1007 3495 Brentesii
1032 3441 1230 3496 Laebmaanus
1253 3442 1293 3495 ad

174 3520 255 3574 aaa.
284 3520 392 3579 V1006
414 3538 445 3590 p.
459 3524 523 3579 328.
548 3522 683 3577 Brundisi
703 3522 730 3579 1.
757 3525 787 3579 V.
806 3525 969 3581 Franelrias
993 3525 1071 3595 apud
1094 3525 1290 3581 Suerrlsioeum

180 3601 260 3659 Vinci.
276 3618 375 3670 praec.
393 3604 480 3658 Bentl.
500 3623 530 3674 p.
549 3611 594 3663 53.
619 3606 777 3662 Brundusio
800 3608 984 3665 Suerdsr'oeus
1006 3613 1074 3681 ipse.
1098 3609 1223 3664 Brentesi
1245 3612 1292 3665 uel

173 3684 311 3740 Brundusi
336 3686 389 3740 Pb.
419 3687 574 3760 Wapneras
592 3692 621 3744 in
648 3689 729 3763 Verp.
747 3691 826 3771 vAen.
841 3694 892 3748 IX
906 3701 952 3751 151
1041 3696 1165 3766 sargust]
1187 3711 1289 3765 sargus

173 3771 322 3824 bonusest
339 3771 410 3839 libri,
426 3771 481 3825 nisi
494 3772 568 3842 qaod
578 3780 621 3827 est
635 3789 688 3829 om.
703 3775 776 3829 Pitb.
862 3781 880 3834 4
895 3792 937 3848 sq.
960 3777 1036 3833 huuc
1054 3795 1173 3850 magnus
1191 3780 1214 3833 si
1238 3781 1291 3833 erit

174 3871 255 3909 sume
273 3855 428 3924 apriculum
444 3853 514 3909 libri.
530 3855 605 3912 hunc
627 3874 746 3929 magnus
762 3858 815 3912 erit
830 3859 854 3913 si
871 3860 966 3916 Sume.
984 3863 1118 3932 apriclum
1138 3862 1290 3931 Turnebus,

174 3937 316 4012 Scalaper,
337 3938 515 3995 casaubonus
600 3947 617 4000 5
639 3943 734 4011 pisces
750 3943 869 3998 Doruill.
956 3943 1037 4018 scito]
1058 3954 1135 4000 scoto
1157 3949 1203 4002 uel
1223 3965 1290 4002 seco

173 4022 252 4080 Pan.
339 4028 356 4083 6
381 4023 506 4080 Surrenti
529 4027 657 4097 oelopem
683 4028 727 4082 iac
748 4044 826 4081 emas
846 4028 981 4084 Glaucum
1000 4031 1076 4101 apud
1098 4030 1199 4086 Cumas
1222 4031 1291 4102 quid

173 4106 254 4163 Flor.
267 4123 292 4162 c.
309 4109 435 4165 Surrenti
450 4111 562 4181 telopen
578 4112 622 4165 iac
637 4127 715 4166 emas
731 4112 862 4183 glaucum
878 4115 955 4185 apud
968 4113 1070 4170 Cumas
1086 4115 1153 4186 quid
1168 4117 1246 4171 Flor.
1260 4122 1299 4170 a.

174 4194 313 4248 surrentia
329 4195 430 4265 elepen
447 4195 490 4250 iac
506 4211 584 4250 emas
601 4195 677 4266 apud
694 4194 796 4251 Cumas
811 4199 878 4268 quid
893 4199 968 4254 Pru.
992 4199 1166 4255 Surrentiam
1188 4201 1289 4270 alopen

174 4275 305 4333 lucernas
324 4278 454 4333 clancum
470 4279 547 4349 apud
562 4279 665 4336 Cumas
688 4279 756 4352 quid
769 4281 889 4338 Doruill.
908 4284 1033 4340 Surrenti
1055 4285 1100 4339 lac
1115 4300 1192 4339 emas
1209 4286 1290 4356 glau-
1386 4276 1389 4281 ¹
