2932 4942
596 326 850 385 PRAEFATlO
1232 339 1284 386 vn

171 489 293 573 studio,
318 511 417 576 quam
438 511 457 552 e
478 488 619 553 uictoria
640 486 831 574 sperabam,
859 487 1040 571 detinente,
1074 489 1136 556 hoc
1158 511 1220 577 ego
1248 493 1285 555 in

169 630 221 672 me
249 609 380 695 suscepi
409 606 558 672 certandi
590 605 784 693 periculum.
835 605 906 672 Nec
931 606 1051 690 defuit,
1081 631 1145 696 qno
1167 609 1203 674 id
1230 609 1282 674 lit-

168 727 325 791 terarium
361 733 528 791 certamen
555 725 634 790 iusti
662 724 850 790 certaminis
878 725 985 791 simile
1012 728 1133 810 exiret,
1167 729 1203 792 in
1230 751 1283 794 eo·

169 846 244 911 dem
271 846 377 910 stadio
406 844 584 910 decurrens
615 852 835 926 concertator,
871 865 956 908 unus
984 844 1144 943 quidem,¹
1166 846 1226 915 sed
1254 848 1285 911 is

169 958 293 1051 duplici
324 963 445 1028 uirium
477 963 670 1049 pernicitate
709 964 898 1028 instructus.
951 960 1060 1035 Hvdo
1094 940 1286 1031 manliam

169 1082 257 1146 enirn
278 1090 312 1146 et
333 1080 551 1147 Tnnonoavs
573 1081 728 1163 Evolve,
748 1082 927 1147 amicorum
944 1102 1004 1168 par
1025 1102 1092 1146 non
1111 1084 1217 1168 magis
1238 1084 1286 1149 in-

169 1208 221 1264 ter
242 1222 279 1266 se
303 1222 401 1287 qnam
423 1200 504 1265 mihi
524 1201 727 1284 deuinctum,
756 1223 830 1266 cum
852 1199 893 1264 ab
920 1200 1014 1265 initio
1035 1223 1128 1267 suam
1148 1209 1286 1289 uterque

148 1319 258 1383 uiam
284 1319 449 1406 persecuti
476 1318 621 1385 eiusdem
641 1321 800 1386 uictoriae
819 1319 951 1385 laudem
972 1321 1180 1407 adpeterent,
1209 1342 1289 1387 mox
1327 1325 1331 1331 ”

170 1439 277 1522 ueriti,
298 1459 340 1503 ne
351 1447 467 1504 neuter
487 1438 664 1521 attingeret
685 1437 818 1520 calcem,
838 1439 1012 1504 conferunt
1033 1461 1112 1526 opes
1135 1449 1168 1505 et
1185 1441 1287 1505 unitis

168 1555 296 1621 uiribus
330 1557 375 1622 ad
400 1559 602 1646 propositum
634 1556 733 1620 tinem
761 1555 978 1620 contendunt:
1021 1557 1109 1643 quod
1140 1557 1189 1621 illi
1220 1580 1288 1624 non

168 1684 254 1740 tecte
275 1685 333 1739 aut
354 1677 549 1740 insidiarum
570 1675 674 1737 instar
696 1681 850 1767 egerunt,
874 1672 933 1735 sed
955 1682 992 1736 ut
1011 1683 1189 1740 certatores
1211 1697 1286 1739 can-

171 1791 241 1856 didi
266 1799 298 1855 et
326 1814 453 1871 mecum
475 1792 754 1857 communicarunt
774 1789 947 1855 consilium
973 1798 1006 1854 et
1027 1792 1134 1857 ordini
1160 1795 1210 1858 rei
1238 1795 1287 1858 in-

94 1902 98 1909 ’
172 1909 320 1974 stitutum
346 1911 435 1974 omni
461 1908 526 1975 fide
555 1909 699 1980 confessi
720 1918 806 1976 sunt.
849 1908 964 1996 Itaque
992 1911 1072 1977 ordo
1102 1933 1286 1998 agnoscens

170 2036 320 2092 neutram
340 2050 407 2093 non
428 2028 562 2114 dignam
585 2050 657 2093 esse
676 2030 816 2094 uictoria
838 2029 1108 2117 disputationem,
1130 2031 1226 2116 mihi,
1249 2042 1288 2098 ut

169 2149 225 2236 qui
255 2157 360 2213 ‘unus
388 2148 595 2214 coniunctam
618 2149 755 2213 duorum
782 2170 914 2235 operam
942 2150 1187 2236 aequauerim',
1218 2151 1286 2238 pal-

170 2289 256 2331 mam
284 2266 449 2350 attribuit,
484 2268 713 2353 competitores
743 2275 852 2331 autem
879 2289 969 2332 meos
998 2269 1148 2354 proxime
1178 2291 1287 2333 acces-

169 2387 252 2451 sisse
279 2385 323 2450 ad
348 2386 520 2451 uictoriam
548 2386 716 2450 iudicauit.
760 2386 869 2472 Atque
895 2385 1026 2451 illorum
1052 2407 1170 2472 operae
1197 2387 1286 2453 lucu-

169 2505 259 2570 lenta
287 2505 466 2591 specimina
493 2512 639 2585 exstant,
668 2502 806 2589 Ilbergii
827 2504 869 2569 de
890 2505 995 2590 primo
1022 2504 1151 2588 annali,
1182 2504 1287 2591 Hugii

169 2626 210 2690 de
233 2624 388 2710 septimo,
409 2633 543 2708 octauo,
571 2645 658 2688 nono
680 2623 885 2708 conscriptae
905 2622 1164 2689 dissertationes.
1209 2624 1287 2710 Ipse

170 2742 231 2809 sub
271 2743 359 2810 idem
401 2741 472 2807 fere
511 2751 640 2828 tempus
681 2740 775 2826 qu'asi
819 2740 994 2826 prodromo
1040 2742 1287 2829 quaestionibus

170 2832 331 2927 Ennianis
356 2863 485 2928 emissis
514 2861 557 2926 ad
584 2860 762 2926 editionem
787 2858 955 2929 annalium
981 2859 1143 2945 integram
1170 2884 1286 2948 paran-

170 2980 247 3043 dam
268 2981 409 3063 accessi,
436 2981 580 3043 maxime
601 2978 791 3041 Furorum
813 2968 1037 3060 erscflnnn,
1063 2982 1287 3067 praeceptoris
1322 3026 1325 3032 ·

170 3096 345 3179 insigniter
368 3097 410 3162 de
433 3117 484 3160 me
511 3095 635 3176 meriti,
662 3093 856 3157 auctoritate
878 3093 1056 3158 adductus:
1095 3099 1188 3161 cuius
1216 3120 1287 3162 sen-

170 3214 293 3279 tentiae
320 3214 548 3301 competitores
570 3212 669 3277 facile
697 3210 977 3297 obtemperantes,
1007 3236 1091 3300 quae
1117 3215 1158 3280 de
1177 3215 1288 3284 Ennio

169 3334 379 3400 commentati
406 3341 513 3417 erant,
544 3355 652 3398 meum
674 3332 709 3397 in
731 3353 827 3396 usum
854 3332 1096 3398 commiserunt.
1140 3333 1287 3417 Quorum

169 3454 312 3519 acumini
334 3462 491 3540 quantum
515 3453 691 3540 praecipue
713 3451 878 3516 annalium
902 3461 934 3517 et
956 3453 1139 3520 emendatio
1167 3464 1200 3521 et
1221 3457 1287 3523 dis-

168 3574 287 3662 positio
316 3572 450 3654 debeat,
487 3574 633 3659 ipsorum
662 3570 850 3637 nominibus
883 3593 922 3636 ea
954 3571 1036 3656 fide,
1073 3596 1157 3661 quae
1192 3576 1287 3641 decet

168 3693 310 3759 maxime
330 3690 549 3778 philologum,
573 3691 720 3756 distinxi.

254 3810 321 3878 Sed
342 3833 384 3876 ne
406 3811 454 3875 sio
476 3811 626 3898 quidem,
654 3811 720 3874 nisi
739 3811 958 3875 accessissent
979 3809 1060 3892 alia,
1090 3812 1193 3875 Ennii
1220 3812 1286 3876 edi-

168 3934 291 3998 tionem
318 3930 438 3995 licebat
464 3951 537 3993 eam
543 3978 553 4012 ,
581 3951 664 4016 quae
689 3930 823 3996 etmihi
847 3939 880 3994 et
905 3931 1022 3994 ceteris
1045 3930 1125 3995 satis
1151 3928 1285 4012 faceret,

168 4047 349 4116 instituere.
405 4046 533 4129 Quotus
566 4049 652 4113 enim
679 4049 818 4136 quisque
845 4072 957 4114 eorum
981 4051 1190 4135 scriptorum,
1229 4048 1286 4133 qui

168 4191 234 4235 non
257 4168 358 4254 dapes
381 4171 533 4255 opiparas
556 4167 616 4232 sed
636 4167 740 4232 frusta
757 4167 883 4233 minuta
901 4189 999 4254 saepe
1024 4174 1057 4229 et
1077 4173 1187 4228 tamen
1208 4188 1285 4232 cara

169 4289 270 4376 prisci
289 4287 376 4356 uatis
397 4287 582 4378 adponant,
612 4284 709 4357 hodie
729 4286 776 4351 eis
799 4289 880 4353 artis
904 4286 1037 4351 criticae
1060 4283 1285 4353 instrumentis
