2932 4942
611 345 854 414 RELIQVIAE

672 506 770 582 :w¹
857 514 884 533 .-

746 692 752 719 Ι
809 686 816 710 ¹
879 613 979 697 eheu,
1008 612 1146 684 uidetel'

279 716 437 790 Iudicabit
455 718 601 789 inclitum
621 718 776 789 iudicium
797 719 883 788 inter
904 718 985 786 deis
1007 717 1067 786 tris
1089 718 1224 812 aliquis:

279 822 353 907 Quo
372 823 491 892 iudicio
507 821 767 892 Lacedaemonia
785 821 910 905 mulier,
935 821 1107 889 Furiarum
1125 824 1199 903 una,
1223 822 1288 890 ad-

266 945 271 954 ·
367 927 370 933 '
835 925 955 994 ueniet.

278 1155 306 1228 0
331 1158 390 1228 lrix
411 1157 545 1244 Troiae,
574 1161 734 1253 germine
755 1159 894 1229 Hector!

208 1271 249 1332 95
277 1314 536 1331 .....
591 1263 669 1354 quid
687 1267 720 1333 te
739 1262 784 1332 ita
802 1263 924 1333 contub
946 1263 1089 1332 lacerato
1109 1259 1258 1349 corpore,

277 1366 392 1451 Miser,
412 1366 470 1435 adt
490 1365 594 1464 quite
615 1367 663 1435 sic
682 1367 867 1437 traiciauere
884 1366 980 1437 nobis
1001 1361 1286 1456 respectdntibus?

608 1538 612 1545 '
707 1518 754 1588 XI

277 1635 360 1704 Nam
377 1634 521 1706 minimo
541 1636 628 1706 saliri
647 1637 814 1728 superabit
835 1635 997 1728 grduidus
1015 1621 1149 1703 armatis
1168 1654 1285 1724 equus,

277 1730 348 1806 Suo
372 1737 427 1829 qui
450 1740 547 1828 partu
571 1738 792 1831 [prodigioso]
810 1737 926 1830 perdat
939 1739 1103 1859 Pergama
1122 1734 1235 1804 ardua.

701 1890 761 1959 XII

465 2057 473 2072 .
528 2006 647 2076 amidio
668 2030 772 2099 purus
792 2012 893 2099 putus

209 2204 246 2254 lX
263 2203 351 2254 Cicero
366 2204 398 2254 de
411 2207 464 2257 diu.
482 2205 551 2266 150,
568 2208 618 2259 114
643 2209 795 2261 ‘furibunda
808 2225 880 2260 meus
895 2209 965 2258 uidet
978 2214 1036 2256 aute
1048 2206 1141 2264 multo,
1161 2221 1227 2270 quae
1238 2205 1289 2254 siut

175 2275 273 2325 lutura:
294 2288 344 2337 quo
359 2275 392 2324 de
403 2291 498 2343 genere
510 2275 556 2325 illa
569 2287 642 2329 suut:
661 2279 739 2330 eheu'
756 2297 778 2330 e.
788 2296 813 2343 q.
823 2295 844 2329 s.
870 2278 968 2328 Ibidem
980 2274 1253 2342 1155,112(11,11111)

209 2346 233 2395 X
258 2344 403 2399 Macrobius
416 2345 470 2396 Sat.
485 2345 551 2396 Vl2
570 2362 596 2413 p.
611 2349 660 2400 511
675 2349 732 2399 Jau.
758 2353 788 2399 ‘o
805 2349 851 2401 lux
870 2347 1029 2411 Dardaniae,
1055 2360 1114 2410 spes
1131 2359 1146 2394 o
1164 2345 1289 2394 lldissima

174 2418 313 2474 Teucrum,
338 2423 361 2464 et
382 2415 490 2480 reliqua.
517 2403 592 2480 [Aen'.
611 2420 632 2468 ll
647 2416 708 2484 281]
726 2420 823 2469 Ennius
845 2420 871 2468 in
890 2416 1036 2467 Alexandro
1059 2416 1110 2463 ...¹
1176 2412 1216 2463 'Xl
1236 2413 1289 2462 Ma·

174 2487 276 2537 crebius
294 2484 348 2534 Sat.
369 2486 434 2536 vlt
453 2501 479 2552 p.
497 2483 626 2542 519111.
650 2492 722 2540 ‘cum
740 2489 827 2539 fatalis
844 2503 925 2551 equus
945 2486 1011 2536 saltu
1028 2500 1106 2550 super
1123 2484 1202 2534 ardua
1220 2484 1289 2534 uenit

177 2557 316 2623 Pergama,
337 2562 361 2603 et
375 2564 501 2605 armatum
514 2555 626 2621 peditem
642 2559 731 2625 grauis
744 2558 828 2608 attulit
841 2557 908 2608 aluo.
930 2555 1005 2622 [Aen.
1021 2556 1056 2604 Vl
1070 2552 1132 2618 515]
1151 2553 1248 2604 Ennius
1262 2553 1289 2602 ln

175 2625 323 2676 Alexandro
339 2625 389 2673 ...⁹
422 2626 492 2677 ldem
508 2624 561 2675 Sat.
577 2627 600 2676 Il
614 2627 632 2678 9
644 2644 671 2695 p.
686 2627 738 2680 316
750 2629 808 2678 dan.
829 2629 931 2691 ‘quem’
950 2625 1000 2691 (sc.
1017 2638 1123 2690 porcum
1136 2620 1288 2686 Troianum)

173 2696 227 2747 ‘illi
248 2695 306 2744 ideo
328 2695 365 2743 sic
381 2696 521 2754 uocabant,
549 2697 622 2759 quasi
645 2698 704 2748 aliis
722 2698 829 2748 inclusis
849 2695 1003 2753 animalibus
1021 2694 1171 2759 grauidum,
1198 2700 1225 2741 ut
1244 2691 1290 2741 ille
1337 2692 1340 2707 ¹

174 2765 300 2813 Troianus
316 2779 397 2826 equus
410 2764 570 2830 grauidus
584 2768 719 2817 armatis
733 2766 800 2818 fuit.⁹
871 2766 920 2816 Xll
938 2765 1029 2814 Festus
1042 2778 1069 2828 p.
1085 2761 1183 2813 217111.
1204 2759 1288 2826 ‘[pu-

173 2842 237 2882 tum
246 2846 293 2897 pro
301 2847 367 2898 puro
378 2832 487 2898 dixisse]
502 2835 620 2897 antiquos
629 2862 664 2872 ·-
673 2860 708 2873 -
721 2834 817 2902 ne[qne
830 2836 904 2885 aliter
917 2832 1016 2898 occepit
1030 2832 1127 2880 Ennius
1141 2846 1198 2880 oum
1210 2827 1287 2894 dixit]

174 2900 372 2951 inalexandr
393 2937 525 2951 .........
546 2903 666 2954 amidio
691 2919 792 2971 purus
814 2901 966 2969 put[us].’
998 2900 1046 2966 (11.
1067 2900 1098 2950 Η.
1116 2899 1215 2949 Keilius
1232 2898 1250 2947 l.
1270 2899 1287 2947 l.
1318 2908 1321 2915 ·

176 2987 202 3036 p.
217 2967 283 3032 622)
311 2969 409 3019 Gellius
424 2973 458 3021 Vl
475 2971 491 3021 5
509 2973 647 3038 ‘scriptum
660 2982 699 3023 est
711 2981 796 3024 autem
809 2988 920 3039 purum
933 2977 1045 3037 putum
1113 2983 1170 3017 curn
1184 2969 1210 3018 iu
1224 2967 1289 3016 mul:
1313 3002 1317 3009 .

114 3064 118 3070 ·
176 3041 208 3089 tis
228 3038 286 3088 aliis
306 3047 421 3088 ueterum
438 3040 524 3101 libris,
546 3049 600 3090 tum
618 3043 645 3091 iu
659 3041 689 3101 Q.
710 3035 902 3106 quoquelinnii
916 3039 1065 3106 tragoedia,
1088 3053 1153 3101 quae
1173 3037 1288 3087 inscribi-

175 3119 216 3159 tur
229 3108 394 3159 Alexander!
519 3117 521 3122 ’
1238 3113 1241 3116 ’

168 3315 304 3389 plerique.
321 3312 472 3384 compleuit
486 3314 563 3371 Leid.
579 3317 639 3376 Eri.
658 3319 738 3374 Vinci.
755 3318 794 3392 cs.
805 3318 944 3390 Berplcius
955 3316 1072 3389 Epltem.
1084 3317 1208 3373 Darmst.
1223 3319 1291 3375 1834
1389 3334 1393 3341 “

168 3418 202 3472 p.
211 3404 280 3457 loos
363 3402 399 3457 99
413 3398 700 3479 19111195111111911191,
712 3403 752 3459 M.
761 3403 900 3476 Hauptias
910 3403 1007 3460 Philet.
1020 3401 1074 3458 III
1083 3406 1143 3470 517,
1155 3404 1202 3475 qai
1210 3403 1290 3469 etiarn

173 3497 303 3551 numeros
324 3485 468 3555 constituit.
490 3484 624 3543 iudicauit
646 3489 710 3544 iibri
761 3547 763 3553 ,
794 3490 917 3544 inclitum
932 3488 996 3543 Erl.
1011 3488 1145 3560 inclytum
1166 3486 1247 3544 Vritd.
1277 3518 1283 3525 ,

216 3591 288 3646 inter
304 3589 373 3646 deas
389 3591 439 3646 tris
454 3589 532 3648 Leid.
546 3609 609 3650 cum
619 3597 772 3670 plerasque.
789 3576 859 3671 1111111
877 3594 997 3650 deastris
1019 3593 1099 3670 ifind.
1122 3596 1171 3662 (us
1186 3609 1222 3646 m.
1241 3592 1290 3647 alt.
1314 3624 1317 3629 -

172 3677 330 3752 superscr.)
347 3675 418 3751 iuter
433 3675 468 3730 de
485 3678 568 3757 astris
583 3680 646 3736 Eri.
755 3685 881 3741 94-96
903 3679 1007 3736 Versus
1020 3679 1156 3734 constituit
1177 3674 1208 3731 O.
1225 3673 1290 3732 Rib-

173 3759 284 3817 bsclcius
390 3764 473 3819 9511
496 3762 534 3818 119
551 3773 652 3822 contuo
676 3766 796 3825 rossem.
822 3769 860 3822 ita
881 3782 943 3821 cum
960 3771 1006 3820 tuo
1021 3764 1086 3820 libri
1190 3765 1224 3821 96
1248 3776 1291 3815 re-

174 3847 366 3918 spectantibus
391 3852 546 3903 tractauere
569 3839 651 3908 nobis
669 3851 748 3919 libri,
774 3851 945 3923 transposuit
968 3849 999 3905 O.
1021 3846 1186 3906 Ribbeckius
1262 3850 1275 3855 ’“

170 3932 207 3990 97
223 3932 300 4000 nam]
316 3947 390 3988 nunc
402 3930 473 3987 Por.
560 3937 704 4008 superabit
721 3935 840 3993 Vossius.
855 3935 998 4006 superauit
1009 3934 1072 3988 libri
1156 3929 1289 4002 grauibus

173 4007 286 4072 armati's
297 4015 403 4090 Anyto.
415 4015 486 4093 Pur.
498 4018 573 4076 Med.
585 4039 603 4077 α
614 4021 655 4077 bc
667 4022 755 4094 Neap.
767 4023 864 4094 grauis
876 4024 998 4075 armatus
1010 4015 1109 4072 Salisb.
1157 4034 1160 4041 ·
1196 4016 1232 4072 98
1243 4013 1290 4083 qui

174 4116 225 4154 suo
240 4107 323 4172 partu
339 4101 428 4157 ardua
440 4094 544 4174 perdat
558 4105 697 4178 Pergama
711 4100 787 4174 libri,
809 4108 863 4162 nisi
876 4102 950 4176 qaod
967 4103 1106 4172 Pergama
1121 4115 1172 4154 om.
1190 4095 1289 4152 Sala‘sb.

175 4200 226 4238 suo
241 4184 288 4255 qui
303 4191 386 4256 partu
401 4185 502 4257 perdat
516 4190 655 4261 Pergama
670 4190 760 4245 ardua
775 4188 923 4261 Berytos.
940 4203 991 4241 suo
1008 4185 1055 4256 qui
1070 4189 1152 4256 partu
1244 4196 1289 4236 ar·

174 4265 232 4321 dua
245 4266 347 4339 perdat
361 4271 500 4340 Pergama
516 4270 711 4329 ruckeoenas
