2932 4942
597 331 838 400 RELIQVIAE

739 496 756 533 ᾖ

222 597 232 616 ·
259 585 386 672 'plebes
403 601 435 669 n
454 600 518 671 noc
536 602 609 693 regi
629 497 763 672 ³11th
782 548 874 671 roco:
902 602 978 670 nee

268 706 466 775 Lacrumare
487 704 591 796 plebi,
610 704 685 798 regi
703 705 844 775 honeste
864 705 930 776 non
948 705 1037 773 licet.

739 823 779 858 a*

163 1014 167 1021 Ι
265 927 446 1020 Pdstquam
475 927 611 1013 abste,
645 823 871 1020 Αὶὲἑηιθπιηο,
908 925 942 993 rit
970 922 1133 1009 uenirem,
1167 924 1276 1016 tetigit

822 1049 921 1097 aures
945 1027 1089 1112 mintius

267 1131 452 1223 ‘Extemplo
474 1133 605 1203 edoldui
626 1134 773 1203 iussum:
801 1131 963 1202 concitum
984 1130 1079 1199 tetuli
1101 1130 1252 1222 gradum.

684 1251 758 1323 XIII

199 1447 202 1453 ν
643 1355 791 1426 Achilles

175 1466 237 1527 275
264 1457 534 1549 'Astrologorum
552 1459 650 1552 signa
669 1459 702 1529 in
721 1459 815 1529 caelo
834 1454 973 1549 quaesit,
998 1453 1164 1539 obseruat,
1187 1453 1275 1523 Iouis

266 1559 349 1630 Cum
381 1583 481 1652 capra
516 1565 573 1630 aut
607 1585 694 1654 nepa
727 1563 784 1633 aut
817 1558 966 1730 eppntur
999 1558 1109 1627 himen
1143 1556 1276 1650 aliquod

849 1685 867 1732 e
883 1684 955 1730 uae.

10 1795 217 1930 appear
266 1763 363 1848 011611
386 1768 437 1834 est
459 1766 677 1856 antepedes,
701 1765 961 1936 nhuosplectat:
989 1763 1071 1832 cae'li
1090 1763 1278 1833 scrutanter
1351 1844 1353 1849 ,

10 1893 36 1974 t
68 1879 201 1928 “²⁴⁴“
827 1889 957 1960 rasas·
984 1949 988 1953 ,
1016 1946 1018 1950 .

163 2064 281 2130 omissis)
294 2067 354 2117 Tur.
379 2070 559 2118 subornare
573 2084 688 2135 uagam
704 2068 910 2135 Iphigeniam
929 2066 1047 2133 (retronis
1061 2064 1177 2130 omissis)
1192 2065 1276 2132 Opitz.

163 2138 194 2185 in
215 2138 320 2187 altero
341 2138 414 2196 loeo
436 2139 616 2188 subornare
636 2140 794 2204 Aesopum
817 2148 847 2190 et
868 2138 1028 2189 Cimbrum
1049 2139 1082 2187 in
1100 2137 1278 2203 Iphigenia

162 2213 301 2272 agentes
326 2209 603 2273 Agamemnonem
631 2217 658 2258 et
680 2208 856 2258 Menelaum
886 2217 945 2275 post
967 2208 1131 2258 Schuetzium
1151 2207 1277 2272 Berghius

164 2276 218 2325 Iud.
246 2275 303 2325 lect.
322 2277 403 2327 Marb.
429 2285 492 2327 aest.
522 2277 589 2328 1844
610 2293 637 2344 p.
653 2278 716 2346 XV²
747 2281 790 2341 qui
812 2280 888 2329 etiam
904 2280 979 2328 Ennii
1001 2279 1151 2345 Iphigeniae
1174 2291 1277 2326 uersum

163 2346 282 2412 ascripsit
351 2346 388 2397 XI
411 2348 581 2412 Hieronymus
602 2347 724 2413 Epitaph.
742 2347 878 2415 Nepotiani
898 2364 925 2414 p.
942 2347 994 2399 598
1006 2348 1085 2414 Mign.
1112 2346 1277 2412 ‘prudenter-

163 2431 212 2478 que
226 2415 323 2465 Ennius
342 2417 460 2482 plebes
480 2418 515 2467 ait
533 2419 565 2468 in
579 2417 655 2467 hoc'
675 2435 697 2468 e.
715 2434 740 2480 q.
754 2433 775 2467 s.
803 2419 857 2468 IIuo
873 2419 968 2468 rettulit
978 2416 1102 2468 Columna
1170 2416 1219 2466 XII
1236 2415 1278 2466 Gi-

162 2500 220 2535 cero
242 2484 276 2535 ad
289 2487 400 2537 Atticum
415 2487 476 2537 XIII
490 2487 562 2549 47,1
581 2491 816 2552 ‘posteaquam
838 2489 895 2539 abs
915 2497 957 2550 te,
986 2489 1197 2554 Agamemno,
1226 2499 1276 2534 non

161 2563 193 2604 ut
211 2556 409 2607 uenirem...
427 2558 474 2607 sed
486 2566 513 2606 ut
529 2557 667 2607 scriberem
685 2557 804 2623 tetigit
824 2574 921 2608 aures
940 2550 1277 2621 nuntius‚‘extempto

162 2626 278 2675 instituta
295 2627 387 2687 omisi3
414 2643 445 2677 eo
459 2643 524 2691 quae
544 2628 570 2676 in
587 2628 706 2677 manibus
721 2627 863 2689 habebam,
883 2629 978 2687 abieoi;
1006 2626 1093 2690 quod
1110 2627 1277 2684 iusseras,

160 2694 315 2745 odoleni!
343 2696 460 2760 (aures
485 2734 514 2745 ..
537 2698 694 2747 instituta
715 2711 765 2745 om.
785 2695 870 2761 Med.)
901 2698 956 2746 Huc
976 2697 1106 2746 reuocauit
1127 2695 1278 2746 Ladewicus

164 2764 239 2813 AnaI.
254 2778 324 2813 scen.
339 2781 365 2831 p.
383 2767 414 2816 15
428 2765 496 2815 cont.
513 2766 574 2815 Eur.
589 2766 674 2832 Iphig.
688 2764 748 2816 633.
784 2765 823 2817 cf.
841 2767 938 2816 Nonius
956 2781 982 2831 p.
997 2764 1058 2825 448,
1075 2765 1107 2814 17
1128 2763 1278 2814 ‘edolare

164 2833 295 2882 fabrorum
310 2841 348 2883 est
362 2849 451 2885 uerum
469 2835 593 2894 uerbum,
614 2851 671 2884 eum
690 2835 853 2884 materiarum
874 2835 1041 2900 conplanatur
1060 2835 1195 2898 asperitas.
1231 2834 1278 2882 Vsi

163 2909 222 2950 sunt
238 2917 268 2951 eo
282 2902 405 2952 laudandi
420 2905 559 2969 scriptores
574 2905 709 2954 uetustatis
726 2905 803 2956 etiam
819 2904 852 2954 ad
866 2905 930 2954 alias
944 2904 1057 2954 fabricas
1072 2918 1164 2952 rerum.
1197 2903 1279 2952 Varro

163 2971 299 3020 Vimarco:
321 2985 378 3021 euru
392 2971 533 3037 Quintipor.
542 2972 647 3023 Clodius
664 2981 702 3023 tot
716 2974 862 3023 comoedias
877 2975 932 3024 sine
949 2973 1003 3023 ulla
1019 2973 1107 3023 fecerit
1120 2972 1206 3032 Musa,
1230 2986 1278 3038 ego

163 3055 241 3090 unum
260 3039 376 3090 libellum
394 3055 444 3091 uon
467 3040 608 3103 edoiem‚
632 3051 666 3092 ut
690 3044 736 3091 ait
755 3043 906 3092 Enniust'
940 3043 1073 3094 Charisius
1086 3041 1122 3090 IV
1140 3056 1167 3106 p.
1183 3039 1234 3091 248
1249 3041 1277 3090 Ρ.

163 3109 228 3177 (165
241 3108 333 3174 Lind.)
359 3111 516 3177 ‘prosthesis
537 3122 589 3172 est,
609 3128 665 3162 cum
685 3113 784 3178 primae
796 3114 864 3178 parti
877 3113 996 3162 dictionis
1009 3121 1052 3161 aut
1070 3111 1153 3160 littera
1170 3110 1280 3160 adicitur

163 3188 206 3230 aut
221 3179 329 3244 syllaba.
358 3181 455 3230 Littera
531 3181 646 3247 syllaba,
666 3189 707 3231 ut:
728 3184 854 3232 ooncitum
867 3190 885 3231 t.
899 3198 925 3248 g.
946 3196 993 3248 pro
1007 3182 1072 3231 tuli.'
1103 3180 1241 3231 Diomedes
1256 3181 1279 3230 II

163 3267 190 3317 p.
204 3249 257 3300 435
271 3250 299 3298 P.
319 3250 480 3316 ‘prosthesis
500 3260 538 3301 est
555 3252 684 3318 appositio
700 3252 826 3315 quaedam
845 3253 878 3301 ad
897 3252 1052 3317 principium
1070 3250 1198 3300 dictionis.
1226 3250 1280 3300 Lit-

166 3329 235 3369 terae
304 3320 436 3384 ephebae,
454 3329 494 3369 ut:
514 3323 640 3372 concitum
656 3329 674 3371 t.
689 3338 715 3388 g.
732 3337 779 3389 pro
792 3322 857 3371 tuh!
889 3323 942 3371 Hoc
956 3321 1107 3381 frustulum,
1128 3321 1160 3371 de
1172 3326 1222 3384 qu'o
1236 3321 1279 3370 adi

166 3389 291 3439 Naelrium
309 3389 403 3456 Opusc.
419 3389 504 3449 1350,
523 3405 573 3442 non
584 3392 670 3458 inepte
685 3407 743 3441 eum
755 3392 932 3458 superioribus
946 3392 1067 3458 coniungi
1079 3389 1108 3441 Ο.
1123 3390 1279 3441 Itihbeoldus

167 3460 265 3509 censuit
334 3459 394 3509 XIII
414 3458 503 3510 Cicero
517 3461 549 3511 de
563 3476 589 3511 re
603 3477 630 3528 p.
647 3462 658 3510 I
673 3461 713 3524 18,
728 3461 761 3513 30
781 3462 841 3511 ‘iila
860 3462 892 3512 de
906 3462 1043 3528 Iphigenia
1057 3460 1179 3510 Achillis:
1200 3469 1280 3511 astro-

205 3636 256 3694 171
280 3637 393 3693 antistat
410 3636 558 3704 Columna,
582 3635 622 3710 ef.
637 3636 803 3694 Ritscbelius
816 3637 891 3694 Mus.
903 3638 1002 3712 pbitot.
1027 3636 1088 3693 VII
1102 3639 1155 3696 518
1169 3651 1211 3710 sq.
1230 3654 1280 3692 an-

164 3726 248 3775 testat
268 3721 349 3793 55155
442 3721 559 3778 Versum
584 3726 638 3783 273
658 3725 697 3778 tto
716 3730 746 3778 ut
768 3725 872 3795 sampsi
883 3725 1032 3797 proposuit
1054 3722 1084 3780 0.
1106 3721 1279 3786 Ribbeclciua

157 3805 291 3877 probautt
298 3805 461 3878 1151551ιί55,
479 3808 535 3863 uid.
552 3807 624 3863 Add.
634 3824 667 3879 p.
684 3807 751 3866 XV.
771 3816 957 3881 posteaquam
971 3811 1021 3864 abs
1041 3809 1087 3863 ted
1104 3807 1279 3879 Agamemno

163 3891 253 3962 tetigit
267 3907 293 3945 5.
309 3908 337 3946 n.
354 3893 502 3950 Gulielmus
516 3894 544 3947 in
559 3892 656 3949 Cistell.
674 3908 699 3947 c.
714 3895 733 3950 4
817 3895 870 3953 274
887 3894 1026 3964 extempio
1042 3891 1155 3947 edotaui
1173 3891 1281 3945 iussum

165 3975 375 4034 5115155555
459 3980 511 4036 ste
526 3977 637 4048 quaesit
649 3977 836 4034 11515νὲ55155.
855 3979 922 4050 quid
938 3979 974 4034 sit
988 3978 1049 4032 cod.
1068 3976 1176 4047 quaerit
1186 3972 1281 4038 Motus

163 4061 248 4115 tned.
264 4075 319 4116 sec.
407 4068 555 4134 opseruat:
570 4061 759 4127 IouisMobes.
774 4061 1052 4119 obseruationiscod.
1139 4062 1191 4118 176
1206 4074 1280 4130 nepa

164 4141 267 4199 Maius.
281 4147 367 4217 ntupa
379 4148 441 4204 cod.
528 4148 623 4203 lumen
632 4145 820 4204 Heinricbbra.
838 4163 943 4202 numen
961 4145 1023 4201 cod.
1039 4159 1141 4199 nomen
1156 4144 1238 4216 551195

208 4229 307 4289 beluae
322 4230 510 4288 Hebrtcbiua.
525 4232 671 4286 beluarum
684 4231 746 4287 eod.
