2932 4942
606 340 849 411 RELIQVIAE
1223 332 1285 400 llid

696 508 762 578 V*

272 628 354 714 cor,
388 630 478 722 quod
506 631 538 699 in
563 653 615 700 me
644 634 713 715 est,
751 629 955 700 exsecrabor
980 628 1045 698 hoc
1074 629 1163 720 qnod
1186 628 1283 714 lucet,

364 748 367 752 ’
834 730 993 825 quidquid
1016 731 1091 801 est?

275 1020 284 1036 .
338 1018 363 1049 .,
401 1020 409 1037 .
462 1020 470 1037 .
524 1020 532 1037 .
587 1020 594 1035 .
648 990 721 1037 cum
744 967 864 1039 saxum
885 966 1048 1039 sciciderit

696 1102 759 1173 Vll

273 1218 400 1289 Gellius
422 1217 456 1286 V
479 1229 514 1309 11
551 1221 653 1292 ‘inter
676 1222 762 1292 enim
791 1223 1043 1314 pulcherrimam
1069 1221 1224 1291 feminam
1252 1225 1284 1291 et

169 1323 445 1393 deformissimam
482 1322 589 1394 media
623 1327 730 1396 lorma
761 1328 924 1420 quaedam
954 1330 1006 1396 est
1039 1346 1092 1394 ..ι
1126 1326 1234 1418 qualis
1262 1349 1282 1394 a

169 1427 291 1512 Quinto
306 1428 412 1497 Ennio
430 1427 463 1496 in
476 1427 725 1522 Menalippa’
746 1431 1004 1521 (Melanippa
1020 1429 1173 1499 Ruttend.
1188 1428 1281 1518 Vat.)

169 1537 345 1623 ‘perquam
365 1531 512 1623 eleganti
535 1533 697 1603 uocabulo
718 1538 827 1604 stata
845 1535 963 1606 dicitur
985 1588 994 1606 .
1013 1585 1045 1603 ..
1066 1533 1192 1602 Ennius
1217 1556 1282 1601 au-

167 1637 233 1702 tem
256 1634 288 1702 in
312 1634 374 1703 ista
401 1657 500 1727 quam
522 1635 590 1705 dixi
612 1636 787 1729 tragoedia
817 1661 888 1707 eas
911 1640 999 1707 iere
1020 1636 1198 1706 leminas
1224 1636 1282 1705 ait

168 1736 364 1806 incolumi
393 1737 603 1829 pudicitia
630 1762 742 1825 esse,
783 1763 888 1835 quae
916 1744 1027 1812 stata
1052 1741 1185 1810 iorma
1213 1741 1284 1809 io-

170 1842 273 1908 rent
372 1848 377 1855 '

649 1944 801 2016 NEMEA

721 2081 734 2151 l

182 2211 243 2273 335
272 2197 402 2270 Tenetir
422 2198 590 2289 consipta,
618 2200 765 2293 undique
790 2223 903 2270 uenor.

270 2450 396 2522 Pecudi
416 2453 496 2521 dare
520 2451 598 2521 uiua
621 2453 738 2523 marito

168 2658 260 2723 lippe
284 2654 386 2719 Anglic.
405 2669 440 2702 m.
462 2668 501 2718 pr.
525 2654 582 2713 Par.
603 2653 699 2706 Salisb.
718 2652 816 2721 Neap.)
890 2653 913 2702 V
938 2652 1026 2703 Cicero
1046 2654 1078 2702 de
1099 2661 1150 2703 nat.
1171 2654 1241 2704 deor.
1262 2655 1285 2703 ll

167 2729 211 2785 25,
231 2726 265 2775 65
291 2723 374 2774 ‘hunc
393 2722 486 2787 igitur'
505 2721 556 2788 (sc.
582 2723 683 2789 Iouem)
709 2725 834 2782 ‘Ennius,
861 2730 889 2771 ut
909 2721 1074 2788 supradixi,
1099 2730 1228 2788 nuncupat
1249 2723 1285 2772 ita

168 2792 270 2844 dicens:
289 2794 377 2859 aspice
395 2791 445 2840 hoc
457 2791 598 2842 sublimen’
614 2811 636 2844 e.
654 2811 679 2857 q.
697 2810 719 2843 s.
746 2793 863 2859 ‘planius
884 2806 961 2853 quam
980 2790 1031 2840 alio
1051 2791 1107 2840 loco
1123 2792 1206 2842 idem:
1230 2807 1284 2851 cur,

169 2864 249 2926 quod'
275 2879 298 2911 e.
318 2878 344 2924 q.
366 2875 387 2909 s.
417 2860 474 2910 Huc
493 2860 571 2911 refert
592 2862 621 2912 0.
641 2863 798 2913 Ribbeclrins
868 2861 903 2910 VI
928 2861 1074 2910 Priscianus
1094 2861 1118 2909 X
1136 2876 1163 2926 p.
1183 2860 1235 2912 890
1254 2862 1282 2911 P.

168 2935 193 2997 (Ι
208 2947 241 2997 p.
256 2930 305 2980 491
323 2928 370 2991 K.)
394 2929 542 2988 testudo,
563 2932 637 2981 scidi.
666 2931 842 2982 Vetustissimi
856 2937 941 2980 tamen
957 2931 1033 2980 etiam
1051 2929 1176 2979 scicidi
1197 2929 1285 2995 proie-

169 3002 259 3052 rebant
279 3026 312 3036 —
328 3027 365 3038 -
382 2999 466 3048 Attius
483 2997 662 3050 Sotadicorum
679 3003 701 3050 l:
722 3017 781 3051 num
800 3014 861 3065 ergo
879 2999 966 3063 aquila
982 3000 1018 3047 ita
1037 2997 1109 3048 ut'hl
1126 2999 1284 3064 praedicant,

170 3069 307 3122 sciciderat
319 3083 350 3118 ea
360 3069 468 3134 pectus?
535 3069 632 3120 Ennius
643 3072 669 3121 in
675 3071 823 3136 Menalippa
834 3069 880 3118 ...'
895 3067 1057 3134 (Melanip
1065 3082 1105 3132 pa
1114 3069 1179 3134 Reg.
1190 3068 1284 3119 Carior.

171 3141 297 3192 Halberst.
311 3138 406 3203 Lugd„
425 3153 475 3188 om.
491 3136 570 3204 Sang.
586 3139 779 3207 Menalippa
793 3135 885 3202 ceteri)
916 3138 987 3188 idem
1000 3137 1171 3203 lragmentum
1182 3137 1207 3188 J.
1223 3138 1286 3189 Gro-

169 3211 262 3263 nouins
275 3209 421 3274 suspicatur
436 3208 498 3259 olim
513 3208 630 3260 extitisse
642 3211 718 3260 etiam
732 3210 803 3277 apud
813 3208 923 3260 Gellium
936 3208 985 3257 Vll
1000 3207 1017 3258 9
1037 3212 1185 3273 ‘praeterea
1199 3209 1285 3259 inueni

170 3299 186 3333 a
205 3280 284 3330 uerbo
303 3279 420 3329 scindo
436 3277 516 3328 simili
532 3279 631 3330 ratione
649 3295 699 3330 non
713 3280 824 3330 sciderat
837 3277 884 3328 scd
902 3277 1082 3328 sciciderat
1103 3278 1199 3327 dictum
1217 3294 1283 3329 esse.

170 3351 200 3402 t.
221 3351 306 3400 Attius
325 3349 350 3397 in
371 3346 549 3398 Sotadicorum
568 3349 633 3399 libro
647 3351 662 3400 l*
675 3350 811 3402 sciciderat
830 3347 904 3400 dixit.
941 3347 1029 3397 Verba
1045 3347 1109 3398 haec
1126 3356 1199 3398 sunt:
1224 3364 1285 3399 num

170 3435 231 3488 crgo
251 3419 338 3483 aquila
356 3418 392 3467 ita
406 3425 433 3467 nt
446 3418 473 3468 hi
488 3418 651 3485 praedicant,
666 3421 803 3472 sciciderat
815 3433 846 3470 ea
857 3417 965 3482 pectus?
983 3418 1079 3467 Ennius
1093 3432 1194 3482 qnoque
1208 3419 1286 3469 Vale

168 3493 223 3542 rius
237 3491 328 3540 Antias
347 3489 374 3538 in
391 3488 459 3538 libro
477 3488 641 3541 historiarum
658 3489 754 3542 LXXV
769 3491 849 3542 uerba
864 3487 928 3539 haec
945 3488 1061 3554 scripsit:
1086 3488 1181 3540 deinde
1197 3488 1286 3541 iuuere

170 3563 253 3616 locato
267 3560 300 3610 ad
313 3559 397 3611 lorum
413 3558 592 3610 descendidit.’
830 3564 833 3570 '
1018 3558 1025 3572 '

204 3631 306 3683 Nemea
343 3629 354 3679 1
379 3627 477 3680 Nonius
497 3645 523 3696 p.
540 3628 599 3690 183,
616 3628 649 3681 13
674 3632 801 3690 ‘nenor,
826 3628 1020 3678 circumuenior.
1054 3627 1152 3678 Ennius
1171 3627 1286 3680 Nemea

171 3701 225 3752 ...'
252 3700 397 3767 (mensa,
419 3699 465 3749 sed
479 3715 543 3749 corr.
558 3701 767 3759 utsitnernea,
786 3699 829 3748 W.
850 3695 1110 3763 MedeaBentinus)
1136 3696 1175 3748 Gi.
1191 3696 1285 3748 Paulus

170 3772 239 3823 Festi
264 3785 291 3837 p.
308 3768 343 3820 m
361 3769 395 3818 Μ.
423 3770 625 3836 ‘consiptum
649 3769 719 3836 apud
740 3769 849 3819 Ennium
868 3782 916 3835 pro
938 3776 1088 3834 conseptum
1107 3768 1251 3834 reperitur!

206 3843 228 3891 ΙΙ
253 3841 400 3891 Priscianus
413 3841 437 3889 V
452 3855 479 3906 p.
493 3840 545 3893 doe
557 3842 585 3892 Ρ.
599 3841 626 3908 (Ι
638 3856 666 3908 p.
675 3839 732 3892 -lttt
743 3838 790 3906 Κ.)
809 3839 866 3890 ‘hio
880 3847 905 3890 et
918 3837 983 3889 haec
1001 3848 1026 3888 et
1042 3838 1092 3888 hoc
1110 3853 1218 3904 pecus.
1235 3839 1286 3888 En—

213 4022 267 4077 333
288 4033 339 4074 cur
354 4014 422 4090 Rep.
443 4015 574 4072 cantabr.
595 4016 641 4072 cui
656 4017 743 4072 ceteri
826 3984 890 4088 licet
910 3978 1047 4090 quidquid
1069 4017 1112 4068 est
1132 4015 1221 4080 (corr.
1242 4026 1288 4067 co-

174 4102 234 4157 dem
248 4105 300 4171 m.)
322 4100 402 4159 rau.
489 4104 542 4160 334
564 4100 723 4158 scisciderit
742 4099 849 4156 Corlrr.
868 4098 953 4170 nep..
975 4098 1026 4153 sed
1041 4098 1060 4151 it
1074 4111 1112 4153 cx
1126 4103 1153 4151 at
1168 4109 1244 4150 corr.
1326 4103 1329 4107 ·

216 4188 268 4244 335
290 4186 418 4257 consipta
438 4182 550 4242 Vossius
563 4199 602 4243 cx
614 4184 714 4242 Paulo.
729 4190 867 4255 concepta
888 4183 932 4239 W.
949 4186 1084 4253 consepta
1098 4181 1185 4238 ceteri
1196 4179 1260 4236 libra·

217 4273 269 4330 336
290 4269 523 4327 utuadetertom
537 4270 616 4327 codd.
631 4269 698 4326 uiui
706 4270 795 4326 Bm.
809 4284 846 4323 m.
862 4267 909 4324 ott.
922 4282 999 4324 corr.
1013 4269 1109 4323 uiuam
1121 4267 1192 4340 ch.
1204 4263 1288 4342 Scap.
1303 4272 1308 4285 ’
1382 4316 1388 4326 .
