2932 4942
208 346 317 395 LXXIV
611 334 923 403 QVAESTIONES

209 504 320 582 plorat:
353 520 424 577 quoe
448 520 491 559 me
510 503 625 575 fortune
654 503 780 574 ferocem
808 504 948 569 Contuditr
974 504 1084 575 indipno
1111 503 1178 558 bello
1201 504 1321 575 confecit

209 615 308 670 ocerbo
332 605 441 684 (VIII).
487 638 490 643 ·

295 714 469 786 Quintum
497 710 674 768 decimum
703 709 878 768 annalem
909 709 976 768 olim
1006 710 1185 771 intellectum
1215 724 1260 773 est
1289 717 1317 773 in

212 823 309 901 primis
327 818 459 879 Fulqu
482 814 677 874 Nobiliori
698 815 822 885 dIcatnm
843 834 922 877 esse.
969 815 1057 877 Cuius
1079 817 1133 875 uiri
1155 817 1202 877 hic
1227 827 1316 897 poeta

157 928 165 943 '
211 928 334 988 amicitia
357 924 506 983 fruebatur
522 940 646 998 eumque
664 922 692 978 in
709 920 854 980 Aetoliam
870 925 1022 983 comitatus
1046 930 1091 982 est
1106 941 1163 981 nou
1176 924 1317 1007 militandi

212 1052 318 1108 causa,
338 1039 368 1091 ut
381 1029 487 1089 Cicero
506 1030 545 1087 ait
556 1027 635 1086 Bruti
654 1026 705 1103 211,
719 1028 759 1087 ’19
778 1036 808 1087 01
830 1047 883 1106 pro
897 1029 1004 1089 Archia
1025 1030 1074 1104 11,
1096 1029 1148 1105 27,
1168 1032 1221 1092 sed
1239 1034 1317 1110 quod

211 1137 329 1199 Fuluius
349 1135 494 1212 ingeniosi
516 1141 624 1211 poetae
646 1137 794 1195 consortio
816 1154 853 1194 ne
870 1137 945 1196 inter
958 1135 1082 1195 bellicas
1098 1137 1213 1213 quidem
1229 1154 1317 1198 occu·

212 1248 344 1324 potiones
368 1259 471 1302 carere
490 1240 591 1300 uoluit.
615 1239 718 1317 Neque
742 1248 836 1300 tamen
857 1242 884 1301 id
910 1241 1028 1302 Catonis
1049 1243 1223 1321 uituperium
1246 1245 1324 1305 eliu·

211 1352 263 1426 git,
280 1353 328 1427 qui
346 1357 421 1408 teste
436 1345 581 1405 Cicerone
595 1345 698 1423 (Tusc.
716 1346 789 1424 disp.
810 1344 867 1425 12)
884 1348 912 1405 in
924 1350 1056 1409 oratione
1073 1360 1174 1410 contra
1188 1324 1318 1409 Ful'uidm

211 1455 306 1515 habita
323 1454 377 1531 (01.
395 1453 523 1512 Ritterns
534 1450 656 1529 Ephem.
675 1453 764 1529 antiq.
777 1450 902 1512 Darmst.
916 1473 942 1514 a.
963 1456 1042 1519 1840
1062 1475 1090 1534 p.
1104 1454 1182 1534 381)
1200 1457 1319 1534 pubIIcc

210 1581 274 1623 eum
289 1561 366 1639 quod
390 1567 494 1637 poetas
517 1559 648 1618 duxisset
665 1559 693 1615 iu
713 1559 891 1635 prouInoiam
913 1562 1111 1639 reprehendit.
1150 1563 1189 1621 At
1210 1561 1318 1622 Enntus

210 1670 302 1728 amico
322 1685 387 1742 suo,
407 1668 453 1726 cui
475 1667 561 1725 etiam
579 1668 723 1725 ciuitatem
736 1665 894 1726 Romanam
914 1677 1067 1746 acceptam
1089 1668 1253 1742 referebat,
1277 1670 1318 1726 ln-

211 1775 347 1851 signioris
364 1773 456 1832 laudis
471 1782 684 1849 mouumentum
700 1774 728 1831 in
741 1773 891 1832 annalibus
908 1777 1015 1852 posuit.
1060 1773 1103 1834 Ila
1119 1774 1195 1833 enim
1211 1771 1318 1833 Cicero

211 1897 264 1958 pro
277 1880 385 1938 Archia
406 1879 435 1954 9,
460 1878 515 1939 22:
537 1892 567 1938 ot
580 1886 621 1938 eis
634 1883 761 1938 laudibus
772 1890 848 1937 certe
865 1900 922 1940 non
942 1884 1029 1937 sotum
1048 1885 1108 1954 ipse
1125 1887 1174 1955 qui
1187 1885 1320 1939 laudatur

210 1992 355 2046 sedetiam
371 1992 473 2061 populi
485 1991 607 2045 Romani
626 2003 725 2044 nomen
743 1996 870 2043 omniur.
913 1987 950 2043 In
973 1990 1080 2043 caelum
1099 1989 1181 2045 buius
1190 2006 1321 2061 proauus

212 2098 277 2152 Coto
297 2098 414 2151 tollitur:
443 2109 560 2166 mnynus
582 2093 667 2173 hortos
681 2097 780 2165 populi
799 2095 922 2150 Romani
940 2096 1023 2150 rebus
1043 2096 1210 2168 oduntpitur.
1256 2096 1314 2151 Om-

210 2201 396 2271 nescientque
422 2203 464 2256 illi
479 2200 612 2270 Maximi,
641 2200 785 2275 Marcelli,
812 2201 909 2257 Fuluii
935 2218 990 2257 non
1017 2205 1077 2257 sinc
1103 2204 1241 2258 communi
1264 2219 1317 2258 orn-

211 2309 285 2362 ninm
313 2312 437 2362 nostrum
473 2310 555 2365 lancie
590 2309 767 2363 decorantur.
819 2309 896 2379 Enyo
922 2310 998 2363 illum
1025 2311 1074 2380 qui
1103 2309 1174 2363 baec
1204 2309 1321 2380 feceret,

211 2397 351 2469 Rudinum
371 2415 505 2469 bominem
526 2428 553 2468 e.
574 2428 602 2487 q.
623 2428 659 2483 s.,
683 2409 865 2470 etAureIIus
881 2411 984 2468 Victor
1001 2410 1038 2469 de
1060 2412 1130 2469 uiris
1152 2410 1320 2469 inlustribus

172 2570 175 2575 .
212 2515 267 2574 52:
293 2514 347 2591 (Μ.
371 2514 505 2594 Fuluius)
534 2522 631 2576 consul
650 2520 758 2576 Aetolos
786 2560 794 2575 .
818 2561 825 2574 .
849 2561 856 2574 .
878 2522 995 2591 proeliis
1023 2521 1214 2592 frequentibus
1235 2523 1321 2577 010100

211 2634 237 2682 et
262 2629 291 2680 in
318 2627 495 2681 Ambracium
524 2626 655 2696 oppidum
682 2634 792 2682 coactos
821 2629 849 2681 in
875 2627 1035 2681 deditionem
1065 2629 1201 2698 accepit.
1225 2666 1232 2682 .
1256 2668 1262 2680 .
1286 2629 1320 2683 de

211 2732 307 2803 qubus
335 2706 527 2815 triumphandi
564 2750 665 2805 quom
692 2733 883 2786 uictoriam
911 2748 979 2802 per
1011 2748 1049 2787 se
1084 2735 1322 2806 moenisicum

211 2839 244 2907 Q.
276 2840 413 2894 Ennius
438 2841 574 2895 amicus
601 2841 679 2894 eius
705 2840 843 2909 insipni
870 2838 976 2893 leude
1005 2839 1222 2925 celebrauit.
1273 2838 1320 2898 Ad

98 2941 100 2945 ’
210 2942 284 3002 hano
307 2951 417 3017 autem,
446 2958 521 3017 quae
545 2959 641 2999 rerum
669 2960 686 3000 a
708 2939 811 2999 Fuluio
836 2949 984 3015 gestarum
1008 2941 1236 3001 luculentissima
1256 2944 1319 3019 fuit,

211 3049 393 3109 obsidionem
412 3049 595 3123 Ambraciae,
618 3047 655 3106 de
678 3065 735 3124 qua
756 3047 801 3105 adi
819 3046 928 3105 Liuium
949 3045 1101 3108 XXXVIII
1121 3047 1250 3123 3-11,
1275 3068 1320 3108 ro-

212 3156 276 3216 lero
302 3173 376 3232 qnae
410 3155 446 3214 ad
475 3155 551 3214 hunc
581 3154 713 3213 annalem
736 3153 859 3229 ascripsi
888 3151 1048 3228 fragmenta
1079 3157 1173 3215 omnia
1201 3165 1320 3233 praeter

212 3264 349 3340 quintum,
366 3263 476 3338 dequo
493 3261 661 3338 quaerendo
680 3258 751 3317 nibiI
767 3258 950 3333 inuestIgaui.
995 3258 1040 3317 Ao
1060 3261 1125 3321 del
1146 3271 1175 3320 et
1193 3262 1220 3321 II
1240 3263 1319 3339 frag·

212 3370 315 3427 montis
329 3367 400 3426 Liuii
425 3383 508 3443 quam
530 3365 692 3440 siguifioaui
706 3364 840 3448 ‘narratio
857 3363 988 3423 dubitare
1011 3381 1069 3423 non
1086 3369 1162 3426 sinit.
1207 3369 1254 3427 De
1268 3368 1319 3443 III,

214 3492 229 3532 a
253 3489 311 3549 quo
332 3472 372 3531 lv
393 3480 423 3529 ut
444 3471 518 3530 iutra
541 3471 634 3529 dinam
657 3487 715 3527 non
737 3469 825 3528 debet
847 3468 963 3543 diuelli,
986 3488 1034 3528 res
1059 3479 1106 3530 est
1121 3490 1158 3532 eo
1181 3475 1321 3533 incertior

214 3577 291 3655 quod
313 3575 490 3651 Histrorum,
521 3593 595 3654 quos
617 3574 782 3635 Macrobius
805 3577 865 3636 Sat.
889 3574 929 3634 VI
952 3573 971 3632 2
993 3594 1021 3653 p.
1045 3577 1192 3640 514100.
1214 3578 1323 3656 adfert,

213 3702 308 3761 neque
321 3685 352 3749 ,in
368 3684 430 3740 eius
446 3683 524 3741 urbis
541 3660 759 3760 oppugnatione
779 3699 835 3740 nec
852 3684 966 3741 omniuo
985 3683 1014 3740 iu
1028 3682 1086 3742 hoo
1101 3681 1196 3742 anuali
1211 3682 1319 3740 mentio

213 3808 280 3849 esse
309 3789 411 3866 potuit.
457 3789 495 3847 At
523 3807 587 3847 oum
613 3807 661 3848 res
686 3789 749 3865 ipsa
768 3804 853 3864 quam
875 3785 1041 3847 Macrobius
1071 3789 1164 3849 refert
1185 3804 1321 3865 quaeque

213 3897 326 3975 planius
349 3913 367 3954 0
388 3893 521 3970 Vergilio
546 3895 636 3973 (Aen.
661 3893 702 3954 IX
728 3890 805 3974 672)
828 3894 979 3971 dispicitur
998 3893 1128 3973 adprime
1148 3893 1177 3950 in
1198 3891 1320 3953 Ambra

213 4004 277 4061 ciae
300 3999 481 4059 obsidionem
504 4003 657 4060 conueniat
676 4001 743 4078 -(01.
765 4000 861 4058 hiuius
884 3999 903 4058 l.
928 4000 947 4059 l.
970 4001 1007 4075 6,
1033 4001 1088 4058 nisi
1110 3998 1188 4076 quod
1216 3998 1256 4057 ibi
1277 3999 1320 4055 ui-

211 4107 251 4167 hil
279 4108 317 4167 de
344 4105 484 4184 singulari
514 4106 635 4166 duorum
667 4107 857 4183 eruptione),
888 4123 1037 4165 numerum
1070 4106 1186 4184 quidem
1215 4103 1321 4163 libria

212 4212 362 4273 hlacrobio
380 4214 505 4275 adlatum
523 4232 624 4273 uerum
646 4213 786 4288 arbitror,
817 4228 947 4273 errorem
970 4220 1065 4271 autem
1085 4211 1177 4289 ipsius
1197 4217 1229 4269 ut
1249 4217 1320 4287 puto
