2932 4942
617 368 850 428 ΕΝΝΙΑΝΑΕ
1174 379 1285 432 xxm

173 530 260 592 laude
286 549 302 591 a
331 531 480 591 ueteribus
504 533 761 611 praedicabantur:
788 535 862 595 inter
885 537 1014 596 comicos
1036 545 1132 596 autem
1149 555 1202 597 555
1223 540 1283 616 qui·

171 638 238 697 dem
261 638 308 715 qui
331 638 427 714 aliqua
444 639 657 699 existimatione
679 639 805 713 luerunt,
826 640 902 700 hunc
922 648 1037 719 po'etam
1061 641 1212 702 Volcatius
1231 644 1283 703 Se·

171 744 278 821 digitus
302 743 414 803 celebri
438 762 561 804 censura
578 746 674 804 inlimo
691 745 758 804 loco
782 750 792 780 ³
803 763 890 804 causa
906 748 1100 824 antiquitatls’
1124 751 1282 808 recensuit.

172 848 218 910 ct.
243 849 415 910 ludewicus
439 851 474 910 de
502 851 629 912 Vulcatii
656 869 767 911 canone
789 869 817 929 p.
851 850 898 910 12.
937 851 1051 913 Indices
1078 869 1113 912 ac
1140 853 1283 931 reliquiae

183 957 256 1015 rium
283 964 390 1015 tantum
420 958 635 1018 comoediarum
661 957 748 1017 hodie
775 968 888 1017 extant:
923 958 1163 1034 Ambraciae,
1194 960 1282 1036 siqui·

171 1062 236 1122 den
272 1079 306 1120 ea
337 1063 488 1122 comoedia
524 1064 591 1141 iuit,
625 1060 889 1141 Gupuuculae,
931 1063 1281 1124 Pancratiastarum.

170 1173 369 1245 Oafflaacatam
389 1169 543 1227 enimcum
564 1166 674 1227 Nouius
700 1187 728 1247 p.
755 1169 831 1244 155,
854 1170 894 1230 30
918 1171 1025 1248 tradat,
1049 1168 1106 1228 leui
1128 1175 1283 1231 1555505-

164 1281 319 1351 55555155
341 1274 461 1349 relinxi,
489 1291 553 1333 cum
573 1273 711 1333 Bentinus
734 1277 967 1350 capeduncuiam,
991 1272 1110 1332 Bothius
1127 1294 1283 1350 55515555-

170 1386 225 1441 hm
251 1380 423 1440 uoluissent.
469 1379 596 1439 Tertiam
618 1384 832 1439 Pancratiastae
856 1376 1008 1456 pluraliter
1037 1379 1190 1458 inscripsi,
1218 1397 1281 1438 cum

170 1485 281 1545 Nonius
309 1503 336 1563 p.
356 1484 433 1558 506,
458 1483 475 1543 3
504 1488 576 1543 idem
592 1489 814 1560 panchratiaetis
834 1483 983 1542 citauerit:
1013 1501 1184 1562 quamquam
1206 1484 1280 1544 idem

170 1608 200 1670 p.
223 1591 302 1667 513,
328 1590 361 1648 11
395 1597 424 1648 et
443 1589 521 1664 517,
547 1589 584 1647 15
610 1597 815 1665 pancratiaste,
845 1587 921 1645 unde
943 1592 1150 1650 Pancratiastae
1170 1591 1280 1649 titulum

170 1698 261 1757 151555
276 1699 439 1774 suspicere,
460 1693 587 1754 exhibet.
628 1695 763 1755 Ceterum
783 1694 963 1769 cognominis
980 1694 1132 1754 comoedia
1148 1694 1281 1755 Alexidis

170 1803 346 1864 Philemonis
362 1800 517 1879 Theophili
543 1801 656 1874 citatur,
683 1818 737 1859 noc
754 1810 848 1860 tamen
865 1798 902 1856 de
925 1798 1024 1857 harum
1039 1797 1213 1859 Graecarum
1232 1809 1280 1860 aut

172 1909 209 1969 de
225 1908 373 1968 Ennianae
396 1917 568 1985 argumento
588 1908 742 1985 quicquam
757 1905 929 1964 coniciendo
945 1907 1063 1964 eruitur.
1090 1904 1140 1964 llis
1156 1906 1280 1985 ascripsi

170 2013 227 2074 duo
247 2013 409 2090 fragmenta
430 2016 558 2091 incerta,
589 2029 664 2093 quae
690 2012 758 2071 mihi
785 2013 846 2070 uisa
869 2019 934 2070 sunt
956 2011 1129 2090 praesertim
1152 2012 1280 2072 sermoni

170 2120 341 2179 comoediae
362 2119 581 2179 adcommodata
602 2136 681 2178 esse.

255 2226 300 2285 De
320 2224 530 2302 tragoediis
549 2241 609 2282 nem
630 2240 743 2283 omnem
758 2223 822 2282 iere
837 2223 1017 2283 Ribbechius
1033 2222 1203 2300 occupauit:
1224 2241 1279 2282 nec

103 2410 108 2419 q
170 2330 249 2390 iuuat
274 2349 350 2391 uunc
376 2329 490 2407 singula
519 2348 653 2408 quaeque
681 2330 717 2389 de
743 2329 847 2407 quibus
869 2327 905 2389 ab
932 2329 984 2387 illo
1004 2337 1033 2387 et
1061 2345 1132 2386 uero
1154 2330 1239 2388 etiam
1262 2346 1279 2388 a

169 2438 360 2515 memetipso
381 2455 456 2495 nunc
487 2437 627 2497 dissentio
657 2453 851 2513 expromere:
879 2453 964 2512 quarn
991 2450 1052 2492 rem
1081 2449 1138 2509 quo
1163 2434 1277 2513 plenius

170 2543 309 2620 persequi
331 2541 419 2602 liceat
440 2560 507 2601 mox
529 2542 598 2602 alibi
622 2543 706 2601 locus
728 2542 794 2601 mihi
817 2547 934 2618 paratus
956 2538 1020 2597 erit.

255 2647 395 2722 Quartum
416 2666 509 2725 genus
532 2649 649 2726 poesis,
679 2649 708 2706 iu
730 2662 787 2724 quo
808 2644 918 2704 Ennius
945 2642 1123 2720 elaborauit,
1146 2654 1278 2706 satura

172 2762 234 2812 est:
261 2752 298 2813 de
323 2755 404 2813 cuius
433 2764 534 2814 natura
564 2762 593 2813 et
621 2754 735 2830 origine
758 2761 825 2830 post
850 2749 970 2810 celebre
998 2747 1091 2809 lsaaci
1114 2749 1279 2811 Casauboui

171 2875 245 2936 opus
267 2876 284 2917 a
304 2860 400 2919 multis
418 2861 578 2939 quaesitum
599 2869 661 2918 est:
685 2876 760 2936 quos
780 2873 903 2918 censere
924 2871 1025 2913 ornnes
1048 2856 1148 2934 largae
1170 2859 1276 2917 oratio·

170 2966 215 3024 nis
236 2964 323 3024 ioret.
369 2966 487 3041 Quare
516 2967 623 3024 omissa
645 2964 777 3024 taediosa
798 2963 865 3021 mihi
888 2960 1054 3021 confutandi
1077 2977 1168 3037 opera
1192 2979 1208 3019 e
1231 2978 1277 3019 re·

171 3070 267 3147 liquiis
285 3071 356 3148 ipsis
379 3090 414 3131 ac
434 3073 549 3131 testium
572 3071 710 3130 tenuitate
725 3069 793 3148 quid
808 3067 916 3127 elicere
934 3066 1089 3143 contigerit
1107 3080 1279 3143 proponam.

255 3175 336 3254 llrgo
358 3177 442 3237 Ennii
466 3186 562 3237 satura
593 3178 734 3254 originem
757 3175 837 3234 duxit
859 3191 875 3232 a
898 3173 995 3250 prisca
1025 3180 1121 3230 satura
1149 3171 1276 3229 scenica.

172 3278 242 3340 Cum
260 3282 334 3340 euim
354 3285 510 3362 antiquitus
525 3281 647 3341 Romani
660 3288 801 3359 acceptos
818 3279 854 3337 ab
872 3277 1005 3337 Etruscis
1027 3295 1131 3337 uersus
1149 3276 1277 3337 Fescen-

170 3390 254 3448 ninos
277 3388 424 3464 colerent,
450 3389 627 3450 auertendae
650 3386 834 3467 pestilentiae
858 3401 945 3444 causa
968 3391 1033 3442 suut
1054 3379 1141 3440 Tusci
1162 3378 1278 3439 histrio·

170 3513 223 3556 nes
246 3497 394 3556 arcessiti:
418 3496 445 3555 hi
461 3495 607 3556 llomanos
628 3510 722 3552 nouae
741 3494 795 3552 arti
807 3494 844 3551 ita
863 3489 1029 3564 conciliant,
1050 3498 1077 3547 ut
1089 3486 1277 3547 histrionibus

170 3601 295 3661 dimissis
321 3602 438 3678 ingenui
460 3603 582 3661 iuuenes
608 3601 729 3660 Romani
760 3601 788 3658 in
820 3598 916 3657 ludum
949 3595 1153 3655 succederent.
1208 3591 1278 3652 lnde

171 3707 265 3766 mixtis
288 3705 448 3766 Tuscorum
473 3708 527 3765 arti
556 3706 730 3766 rudiusculis
747 3705 936 3764 Fescenninis
955 3720 1048 3761 nouus
1065 3718 1174 3760 scenae
1195 3698 1278 3758 ludus

171 3822 252 3872 ortus
277 3823 338 3888 est,
365 3813 457 3873 forma
485 3831 520 3873 ac
544 3813 662 3872 materia
689 3810 838 3886 miscella,
872 3827 955 3888 quam
981 3817 1105 3868 saturam
1127 3803 1276 3865 dicebaut:

171 3920 298 3978 scenicis
315 3919 389 3979 enim
406 3917 582 3994 quibuslibet
604 3917 723 3976 ludicris
742 3915 861 3975 liberius
882 3914 1086 3992 conglutinatis
1101 3907 1217 3969 iabulae
1239 3907 1277 3964 si·

171 4024 329 4084 mulacrum
344 4024 528 4101 prodebant.
584 4022 692 4081 Verum
718 4030 861 4099 percepta
884 4020 976 4081 semel
1004 4018 1135 4078 Graecae
1161 4010 1278 4070 iabulae

171 4139 325 4189 uenustate
342 4139 458 4190 saturae
481 4129 630 4190 barbaries
652 4127 827 4205 displicere:
856 4144 939 4203 quarn
967 4133 1063 4183 tamen
1086 4115 1222 4191 Romani,
1247 4124 1277 4173 ut

172 4243 254 4294 erant
275 4237 389 4315 recepti
410 4244 547 4313 tenaces,
573 4234 747 4313 aliquamdiu
770 4233 949 4292 retinuerunt
977 4238 1065 4306 atque
1088 4221 1185 4282 exodii
1206 4220 1275 4280 loco

212 4340 324 4399 Eunrvs.
1061 4325 1075 4386 1
