2932 4942
170 400 215 446 XL
557 385 874 457 QVAESTlONES

170 554 328 615 liomanam
347 561 573 614 sustentaturum
597 552 749 629 gloriatur.
795 553 908 627 Sorori,
933 569 1009 632 quae
1030 552 1178 616 Horatium
1198 557 1284 618 redn·

172 682 236 724 cem
264 663 301 723 de
332 677 443 740 sponso
472 659 574 718 occiso
603 657 689 719 dictis
717 658 855 736 corripit,
895 660 996 718 nescio
1024 676 1060 719 an
1086 660 1161 720 baec
1192 659 1284 721 uerba

172 774 261 846 replet
282 779 308 828 te
329 773 474 843 laetificum
497 787 554 842 pau
579 765 652 841 (inc
676 763 739 822 sed.
763 763 833 843 Vll)
858 767 1041 825 conueniant.
1080 764 1218 842 Apertius
1238 783 1284 824 re·

174 873 366 954 spondentem
389 873 537 933 Horatium
558 868 682 948 prodant
704 868 740 928 ir.
763 867 813 929 Xl.
838 869 908 946 Xll,
932 888 1055 949 quorum
1079 871 1172 930 altero
1196 889 1284 950 spon·

174 998 237 1040 sum
259 981 308 1058 qui
331 997 388 1038 non
406 977 550 1038 recusarit
564 985 711 1036 certamen
726 993 780 1035 suo
797 976 917 1037 arbitrio
932 976 1094 1053 cecidisse,
1118 977 1213 1037 altero
1228 977 1285 1039 sibi

173 1085 330 1147 taliadiota
354 1087 381 1145 in
404 1094 461 1145 tam
485 1081 636 1162 splendida
659 1082 781 1142 uictoria
804 1081 954 1143 toleranda
978 1083 1197 1144 nonesseedit.
1230 1081 1285 1144 Ga·

175 1192 243 1271 pitis
263 1191 414 1252 damnatur
436 1190 573 1251 Horatius
593 1206 628 1247 ac
651 1187 750 1265 grauis
774 1189 848 1247 inter
870 1200 987 1268 patrem
1005 1198 1036 1249 et
1057 1189 1167 1250 iudices
1195 1190 1288 1249 oritur

173 1297 211 1359 de
231 1298 378 1376 supplicio
394 1297 517 1358 uictoris
534 1295 698 1361 conteutio;
723 1293 864 1373 siquidem
880 1313 943 1355 eam
962 1298 1177 1356 contentionem
1192 1297 1287 1374 arguit

174 1405 210 1465 ir.
240 1402 317 1463 Xlll.
372 1404 510 1483 Sequitur
538 1401 618 1461 fraus
642 1399 747 1460 Fufetii
776 1409 807 1460 et
843 1401 970 1463 crudelis
1002 1404 1150 1463 interitus:
1187 1421 1222 1463 ao
1248 1403 1285 1463 lr.

174 1509 242 1570 XIV
272 1510 347 1570 Tulli
378 1510 469 1570 uerba
500 1507 635 1581 exhibet,
667 1508 715 1585 qui
744 1505 886 1567 Fufetium
913 1509 1037 1569 interimi
1071 1528 1156 1590 quam
1184 1527 1287 1571 omncs

174 1618 238 1676 eius
269 1616 417 1694 ‘legiones
446 1632 481 1674 ac
511 1613 681 1693 populares'
711 1614 809 1692 perire
830 1614 947 1674 mauult.
993 1613 1173 1694 Supplicium
1193 1612 1287 1690 ipsum
1373 1639 1380 1652 ·

174 1722 304 1783 editores
326 1723 459 1784 uiderunt
480 1722 516 1782 ir.
541 1720 605 1780 XV.
624 1719 692 1779 xvt
704 1718 842 1796 describi,
863 1721 983 1781 incertis
996 1721 1122 1800 quidem,
1145 1719 1197 1779 sed
1209 1737 1286 1796 quae

173 1849 244 1890 uere
268 1830 344 1891 baud
369 1829 456 1890 dubie
482 1831 510 1888 in
538 1828 614 1888 bunc
640 1827 744 1888 librum
772 1827 840 1888 olim
871 1829 1000 1906 reposita
1031 1835 1106 1887 sunt.
1149 1823 1287 1885 ceterum

173 1937 239 1997 binc
263 1936 382 1997 colores
405 1936 546 2015 quosdam
568 1935 687 1994 duxisse
706 1935 868 2012 Vergilium
892 1943 962 2013 puto
987 1936 1040 2012 (eo
1064 1933 1150 2007 loco,
1175 1930 1235 1991 ubi.
1256 1941 1288 1992 et

173 2041 229 2100 alia
249 2041 379 2101 Enniana
402 2041 501 2121 latere,
519 2057 606 2118 supra
636 2042 795 2099 monuimus
816 2041 851 2100 ad
872 2036 885 2097 l
907 2038 943 2098 ir·
965 2039 1002 2119 L)
1031 2039 1105 2099 Aen.
1131 2036 1196 2098 vtlt
1224 2036 1288 2098 642

174 2151 252 2207 baud
268 2154 372 2223 procul
390 2151 454 2206 inde
476 2153 547 2205 citae
569 2149 684 2205 Mettum
706 2152 736 2204 ia
755 2151 867 2205 dinem
889 2151 1043 2223 quadripes
1062 2149 1289 2205 Dismlerant—

173 2261 203 2310 at
223 2262 251 2312 ta
272 2258 360 2327 dictis,
382 2256 496 2325 Albane,
516 2257 726 2324 maneresl-,
745 2257 988 2329 raptabatque
1008 2258 1086 2312 uiri
1106 2253 1289 2309 mendacia

173 2363 322 2418 uiscera
342 2362 548 2419 TullusPer
570 2363 710 2428 siluam,
732 2364 902 2434 eispursi
916 2362 1096 2418 rorabant
1111 2360 1289 2432 sanquine

67 2530 71 2535 ,
175 2482 318 2538 ntepres.
364 2462 465 2522 Restat
489 2481 505 2521 c
528 2461 605 2522 Tulli
628 2481 720 2540 regno
742 2463 836 2523 Albae
860 2465 1019 2525 excidium:
1041 2464 1122 2524 cuius
1146 2465 1188 2523 rei
1207 2463 1287 2541 irag·

174 2569 249 2627 mina
270 2567 340 2628 licet
365 2587 403 2628 ex
433 2567 564 2628 eiusdem
583 2569 707 2648 Vergilii
738 2572 895 2632 imitatione
918 2568 993 2630 Aen.
1024 2569 1049 2629 ll
1079 2569 1141 2630 486
1172 2568 1286 2650 (XVll)

176 2675 333 2751 expiscari.
355 2673 477 2735 Ennium
495 2677 582 2751 enim,
604 2693 690 2754 quem
712 2695 770 2737 non
788 2678 925 2753 nominat,
950 2677 1095 2754 significat
1113 2677 1234 2735 Seruius
1258 2677 1288 2736 iu

174 2777 248 2843 Aen,
272 2780 292 2839 l.
313 2780 332 2840 l.
357 2786 392 2841 de
413 2787 518 2842 Albano
541 2787 648 2843 excidio
671 2790 823 2844 translatas
842 2794 882 2844 est
897 2789 982 2842 bots.
1019 2780 1150 2841 Eundem
1166 2784 1289 2861 respicit

174 2884 301 2945 fortasse
313 2887 342 2945 ln
356 2886 431 2946 Aen.
445 2885 471 2946 ll
486 2888 547 2948 313
553 2893 721 2965 pleramque
735 2895 806 2949 enim
819 2892 959 2947 adiudam
972 2897 1136 2946 euertuntur
1148 2893 1288 2948 οἱνίίαίεεε

172 2997 243 3050 sr'cat
255 2995 352 3050 Albam
368 2998 464 3054 Tullus
476 2997 609 3054 Hostiliam
628 3000 707 3053 iussit
727 3000 822 3053 atcrti.
855 2992 1034 3071 Quamquam
1051 2994 1134 3052 nimis
1146 2994 1287 3054 incertum

174 3105 238 3172 est,
249 3097 316 3157 luc.
336 3098 398 3157 sed.
418 3099 521 3176 fragm.
538 3099 606 3159 Vlll
621 3101 705 3161 buius
721 3099 808 3160 tubae
824 3105 971 3160 terribilem
985 3108 1102 3161 sonitum
1117 3100 1286 3176 significari.

259 3201 382 3263 Ancus
401 3205 564 3266 Marcius
588 3206 665 3284 quod
681 3224 756 3265 nunc
776 3205 891 3264 nomine
907 3205 1013 3264 dicitur
1029 3206 1066 3266 ir.
1084 3205 1179 3265 XVlll
1194 3205 1287 3266 llber-

174 3309 214 3384 gii
237 3309 432 3370 emendationi
454 3311 587 3371 debetur.
622 3310 719 3388 Atque
741 3309 799 3369 boc
816 3309 885 3369 licet
907 3309 1113 3388 probabilitate
1136 3315 1287 3372 coniectu-

95 3418 104 3431 ·
175 3430 226 3470 rac
249 3413 363 3488 nitatur,
389 3414 462 3475 Anci
485 3435 533 3474 res
555 3419 583 3475 in
601 3416 659 3476 boc
682 3416 757 3474 libro
782 3424 920 3476 tractatas
949 3417 1057 3493 luisse,
1081 3419 1116 3479 lr.
1147 3418 1201 3478 XX
1226 3438 1287 3498 quo

175 3517 291 3576 condita
313 3536 348 3577 ao
371 3521 477 3579 munita
496 3518 576 3579 Ostia
606 3519 675 3578 urbs
696 3531 887 3596 memoratur,
920 3524 1056 3585 ostendit.
1103 3522 1156 3584 Gai
1187 3544 1287 3586 narra·

176 3623 246 3681 tioni
267 3623 357 3684 addas
377 3623 467 3684 laceri
490 3642 594 3682 uersus
617 3624 786 3702 particulam
809 3632 950 3689 icaeralu
967 3644 1056 3707 proto
1071 3631 1172 3712 (XlX)
1196 3640 1226 3691 et
1248 3650 1288 3691 ex

176 3729 295 3788 incertis
317 3741 344 3789 et
368 3735 473 3791 Tiberis
492 3736 595 3805 (lumea
616 3737 699 3789 uomit
719 3737 748 3789 ia
768 3743 970 3797 marescalcum
994 3739 1066 3816 (inc.
1087 3737 1150 3798 sed.
1172 3737 1240 3817 lX).

259 3835 407 3896 Tertius
430 3837 575 3897 annalis
592 3837 675 3894 trium
685 3839 733 3914 qni
744 3845 883 3915 postremi
897 3853 962 3904 sunt
975 3863 1077 3922 regum
1090 3842 1286 3904 Romanorum

174 3961 224 4003 res
245 3952 346 4020 gestas
370 3951 401 4002 et
422 3944 505 4019 regni
527 3943 635 4001 ruinam
657 3948 886 4023 comprehendit.
932 3951 1017 4026 Quod
1037 3952 1093 4010 etsi
1114 3951 1185 4029 ipsis
1204 3951 1285 4028 frag-

173 4050 276 4110 mentis
296 4067 353 4108 nou
374 4050 500 4126 cogitur,
522 4049 614 4124 exigit
636 4059 731 4110 tamen
751 4056 877 4114 narratio
893 4056 1086 4135 aequabiliter
1105 4059 1131 4116 in
1151 4058 1285 4134 singulos

174 4154 266 4214 libros
287 4154 448 4215 distributa.
487 4154 560 4215 lllud
578 4155 703 4232 dubium,
724 4158 837 4220 liberae
852 4165 894 4220 rei
911 4163 1046 4240 publicae
1064 4174 1146 4223 ortus
1161 4165 1196 4225 ad
1212 4165 1283 4224 bun·

174 4261 239 4323 eine
255 4261 358 4325 librum
373 4278 409 4321 an
424 4261 459 4320 ad
474 4263 634 4343 proximum
650 4266 803 4345 pertineat.
826 4267 871 4327 De
883 4266 1040 4346 Tarquinio
1056 4270 1127 4330 licet
1142 4269 1286 4350 quaedam
