2932 4942
235 976 415 1048 VERSVS
433 976 569 1048 PAVLl
588 976 805 1050 MERVLAE
822 979 1027 1081 PERFIDIA
1046 976 1301 1050 PROPAGATl

294 1342 439 1408 Horrida
452 1342 646 1408 Romuleum
660 1244 840 1409 certarhina
856 1366 965 1432 pango
981 1343 1135 1410 duellum.

746 1461 782 1526 Π

294 1629 455 1696 Conditur
468 1627 557 1695 Alba
570 1637 686 1717 potens

739 1749 793 1815 111

293 1849 438 1915 Nascere
452 1871 536 1951 quae
553 1849 691 1938 populos
705 1858 857 1939 terraque
871 1851 1017 1939 marique
1034 1849 1175 1918 lacesses

294 1935 380 2000 Belli
396 1934 527 1999 turbine
542 1956 761 2035 praepropero
777 1957 936 2002 concussa
948 1936 1137 2000 tremiscent

296 2020 423 2087 Cuncta
437 2041 530 2084 acres
545 2028 611 2084 ate
626 2020 715 2085 uires

652 2139 670 2178 *
861 2137 879 2176 *

757 2185 775 2227 ᾖ

295 2303 302 2320 .
348 2304 356 2320 .
403 2303 412 2321 .
456 2305 475 2347 .,
511 2306 519 2322 .
563 2258 598 2322 in
613 2258 718 2323 Roma
732 2255 832 2320 Troia
849 2255 971 2320 reuixti

739 2373 789 2439 IV
859 2367 861 2370 ,

292 2470 498 2559 Nequiquam
513 2470 659 2559 reliquae
674 2473 766 2538 carni
782 2472 865 2537 nihil
883 2482 932 2538 est
951 2472 1072 2537 animai

746 2590 779 2656 V

292 2687 406 2754 Dirius
421 2689 618 2778 supplicium
632 2687 765 2755 sceleris
780 2690 937 2756 uiolentia
951 2651 1066 2778 poscit.

954 1548 1054 1614 armis

240 2878 422 2932 Paeonum
440 2879 580 2932 MERVLAE
615 2881 626 2930 Ι
644 2879 757 2931 Merulae
768 2880 865 2932 Gomm.
879 2897 907 2948 p.
918 2880 952 2931 41
973 2881 1079 2931 ‘citatur
1092 2887 1176 2931 autem
1192 2897 1207 2931 a
1221 2880 1251 2934 L.
1265 2880 1325 2932 Gal·

169 2970 171 2974 ·
207 2952 300 3017 purnio
314 2952 407 3002 Pisone
419 2951 465 3001 lib.
480 2953 490 3000 1
508 2952 540 3002 de
554 2952 710 3002 continentia
723 2959 838 3002 ueterum
852 2955 1000 3018 poetarum
1020 2967 1070 3015 quo
1085 2951 1140 3001 loco
1157 2953 1188 3002 de
1202 2951 1324 3002 artificio-

206 3021 243 3070 sis
264 3021 366 3072 illorum
381 3022 538 3072 exordiis.
549 3022 751 3086 ..promittit
772 3022 877 3072 omnia
896 3022 935 3071 ad
952 3037 1041 3071 suam
1061 3037 1162 3084 usque
1179 3029 1323 3072 aetutem

206 3090 337 3142 heroice
362 3093 498 3141 Ennius.
522 3090 666 3141 horrida'
693 3107 716 3144 e.
737 3106 762 3154 q.
784 3107 805 3141 s.
840 3091 1026 3141 Romuleum
1045 3091 1151 3140 Merula.
1174 3091 1322 3142 Romulei

206 3159 369 3228 Calpurnius.
397 3160 436 3213 cf.
454 3161 487 3211 A.
502 3161 614 3211 Kochius
630 3162 721 3211 Exere.
734 3175 761 3226 p.
777 3161 790 3211 l
861 3162 884 3211 11
904 3161 970 3210 lbid.
986 3177 1019 3240 p.
1028 3159 1115 3212 165⁶·
1108 3177 1136 3210 m
1147 3161 1250 3211 Latmo
1268 3161 1320 3228 (sc.

207 3229 505 3295 GlossarioFornerii)‘
512 3232 629 3281 sicerat:
647 3220 1103 3297 armipotensdrrioapoirrcp.
1131 3232 1310 3282 Ennius...

208 3299 248 3350 Gi.
266 3302 297 3350 A.
313 3301 455 3351 Kochinsl
470 3299 488 3349 l.
501 3315 528 3367 p.
544 3300 560 3351 3
630 3301 666 3350 Ill
685 3300 750 3351 lbid
767 3316 794 3367 p
810 3299 861 3351 199
882 3301 966 3366 ‘apud
984 3300 1162 3380 Calpurnium
1169 3301 1263 3351 libroI
1288 3301 1322 3351 de

206 3372 363 3420 continentia
375 3378 490 3420 ueterum
503 3373 650 3436 poetarum:
670 3370 884 3452 apostrophe,
901 3371 996 3434 inquit,
1015 3384 1161 3434 εακτικη
1177 3379 1224 3421 est
1243 3385 1322 3433 quo-

205 3440 293 3489 tiens
311 3455 427 3490 auersa
441 3441 502 3489 iam
518 3441 557 3490 ad
576 3441 710 3503 quacuis
726 3441 871 3490 oratione
887 3442 1066 3490 miscentur
1082 3449 1158 3489 uota
1171 3440 1223 3491 uel
1237 3440 1323 3491 bona

206 3508 257 3558 ucl
281 3510 373 3559 mala.
401 3510 549 3560 Ennins'
543 3525 574 3559 in
596 3511 828 3576 primoVrbcm
848 3511 1050 3561 condendam
1070 3511 1264 3576 compellat,
1290 3518 1322 3560 et

206 3578 425 3644 compellatae
441 3581 562 3641 omnia,
583 3595 663 3642 quae
680 3580 938 3646 magnitudinem
959 3581 1030 3630 eius
1048 3588 1226 3641 testatum,
1245 3595 1321 3646 pre-

205 3657 297 3697 catur
317 3647 367 3698 his
387 3650 510 3698 uerbis:
535 3663 673 3699 nascere
751 3650 856 3710 uires;
879 3657 909 3700 et
929 3666 1010 3714 quae
1029 3657 1155 3715 postea:
1185 3650 1321 3700 conclu-

205 3718 286 3768 dens
310 3719 342 3767 in
362 3719 650 3769 conuentaRomae
668 3720 851 3784 genetrice:
875 3720 907 3768 in
927 3721 1034 3770 Roma’
1055 3736 1077 3770 e.
1094 3736 1118 3783 q.
1135 3734 1156 3768 s.
1227 3720 1321 3786 prai-

205 3803 345 3854 propero
359 3788 624 3853 Merula.2propric
648 3787 801 3854 Calpurnius
871 3791 981 3840 aereis
1002 3805 1018 3838 a
1036 3796 1067 3839 te
1084 3789 1191 3840 uireis
1210 3789 1319 3841 Merula.

205 3859 366 3909 acrissate
390 3859 482 3907 uiros
503 3856 657 3922 Calpurnius
726 3859 848 3908 reuixti
865 3857 972 3908 Merula.
994 3859 1111 3909 reuisti
1132 3858 1285 3924 Calpurnius

240 3929 275 3978 IV
293 3928 358 3978 lbid.
374 3943 400 3992 p.
416 3925 468 3978 288
488 3926 656 3991 ‘Calpurnius
669 3926 728 3976 Piso
744 3929 770 3976 in
790 3927 862 3977 libris
876 3927 909 3977 de
928 3929 1082 3978 continentia
1099 3937 1214 3979 ueterum
1229 3932 1320 3996 pocta-

204 4012 277 4048 rum:
308 3998 403 4048 morti
427 3997 623 4063 proximum,
651 3997 727 4060 quin
752 4005 927 4059 mortuum,
956 3999 1044 4047 uiuis
1069 3998 1241 4049 coloribus
1264 3999 1320 4049 de-

203 4068 312 4134 pingit
330 4067 451 4117 Ennius
470 4066 557 4117 libro
577 4066 720 4117 secundo
739 4067 917 4127 annalium,
939 4069 994 4118 ubi
1014 4069 1062 4117 sic
1081 4068 1210 4118 scribit:
1238 4067 1318 4133 [Anu.

203 4136 265 4188 462.
284 4135 347 4202 463]
373 4136 584 4200 Nequiquam'
606 4153 628 4188 e.
651 4153 675 4200 q.
696 4152 718 4186 s.
752 4136 1133 4205 cf.A.1(och·1us1.1.p.2
1203 4139 1226 4187 V
1251 4138 1317 4188 lbid.

203 4221 230 4272 p.
251 4205 303 4257 324
324 4206 441 4272 ‘glossae
459 4207 577 4258 Forncri:
601 4205 828 4271 παλαμναῖον
849 4207 967 4269 dirum,
988 4208 1072 4270 quod
1086 4205 1219 4258 deorhm
1236 4208 1319 4258 irum

138 4271 145 4286 “
202 4273 301 4327 habet
320 4278 535 4328 coniunctam.
565 4277 687 4328 Ennius
707 4277 737 4326 in
759 4277 920 4328 tertio...’
950 4279 1058 4345 poscit
1080 4277 1187 4328 Merula.
1210 4278 1320 4343 possit
