2932 4942
598 326 839 400 nnutovmn

698 498 744 569 [Χ

265 621 358 706 Quos
379 620 435 690 nbi
458 642 518 691 rex
539 616 685 712 populos
706 614 818 706 spexit
840 614 882 686 de
902 612 1052 683 cautibus
1074 608 1173 680 celsis

703 766 736 836 X

265 889 380 981 Reges
397 911 458 980 per
476 906 618 980 regnum
633 887 830 975 statuasque
845 882 1086 976 sepulcbmque
1105 883 1276 973 quaerunt,

267 992 452 1062 Aedili'cant
473 1012 610 1063 nomen:
635 1008 765 1059 summa
785 986 934 1056 nituntur
953 1008 1055 1078 opum
1075 985 1131 1054 ui..

695 1138 743 1209 Xl

176 1272 239 1331 405
267 1315 275 1330 .
326 1314 334 1330 .
388 1265 466 1351 post
487 1263 595 1331 aetate
614 1257 727 1352 pigret
742 1257 893 1329 subferre
914 1255 1069 1326 laborem.

693 1409 755 1480 XII
818 1431 823 1439 ·

272 1527 443 1596 Aestatem
465 1530 645 1598 autumnus
667 1525 832 1620 sequitur,
860 1528 937 1615 post
957 1544 1034 1592 acer
1051 1519 1179 1610 hiemps
1201 1518 1248 1589 fit.

686 1674 762 1746 Xlll

269 1797 435 1867 Montibus
453 1769 596 1887 obstipis'
610 1791 817 1864 obstantibus
835 1791 923 1861 unde
941 1790 1045 1860 oritur
1067 1811 1134 1858 nox

687 1928 769 1999 XIV

273 2050 337 2135 Qui
355 2049 479 2120 elamor
499 2032 726 2143 oppugnantis
743 2066 872 2140 uagore
889 2043 1013 2116 uolanti

168 2267 225 2315 nius
239 2266 265 2315 in
278 2275 351 2316 sexto
364 2266 464 2317 decimo
480 2266 567 2317 annali
587 2266 656 2316 dics
672 2265 777 2331 scripsit
790 2279 837 2330 pro
850 2263 904 2315 niet
916 2265 943 2314 in
953 2262 1003 2313 boc
1014 2275 1104 2312 uersu:
1123 2259 1281 2327 postremae’

169 2353 191 2386 e⁴
206 2353 230 2400 q.
248 2352 269 2387 s.
341 2335 377 2385 IX
400 2336 491 2386 Festus
507 2352 534 2403 p.
553 2334 605 2387 330
620 2336 653 2385 Μ.
675 2336 791 2401 ‘spicit
809 2348 910 2398 quoqne
927 2333 982 2382 sine
1000 2332 1191 2398 praepositione
1208 2331 1281 2381 dixe-

169 2415 226 2455 runt
247 2406 397 2469 antiqui-
415 2415 440 2456 et
457 2408 552 2472 spexit.
583 2407 681 2456 Ennius
700 2406 717 2454 l.
736 2404 798 2454 XVl
817 2405 868 2453 ...’
890 2403 965 2468 (XVI
978 2403 1035 2452 cod.
1052 2409 1116 2451 teste
1132 2400 1214 2450 Keilio
1232 2400 1249 2448 l.
1263 2400 1280 2447 l.

169 2492 196 2543 p.
214 2476 276 2530 095.
295 2476 331 2526 Vl
348 2475 378 2526 0.
400 2474 553 2540 Muellerus)
578 2477 660 2526 Varro
676 2475 709 2525 (le
726 2474 755 2524 L.
776 2473 806 2522 L.
828 2475 864 2524 Vl
875 2474 911 2526 82
924 2473 959 2523 M.
987 2477 1118 2538 ‘spectare
1136 2471 1233 2521 dictum
1249 2470 1281 2519 ab

169 2547 283 2611 specio
300 2546 421 2608 antiquo,
440 2560 491 2608 quo
507 2545 584 2598 etiam
602 2546 702 2596 Ennius
721 2557 797 2593 risus:
822 2557 880 2593 uos
900 2542 996 2609 epulo
1015 2549 1188 2607 postquam
1207 2555 1282 2613 spe-

168 2617 233 2665 xit.'
304 2615 330 2664 X
355 2615 500 2666 Macrobius
523 2615 578 2669 Sat.
593 2616 654 2666 Vll
678 2630 705 2680 p.
722 2613 775 2664 499
789 2613 848 2663 Jan.
873 2617 987 2662 ‘summa
1009 2613 1122 2661 nituntur
1143 2625 1222 2676 opum
1244 2611 1282 2659 ui.

169 2682 376 2751 [4507414552]
389 2685 487 2737 Ennium
497 2687 523 2734 in
534 2693 636 2748 quarto:
656 2681 702 2750 [V]
715 2684 778 2733 etin
791 2683 976 2733 sextodecimo
989 2683 1040 2731 ...’
1054 2680 1158 2746 (xvn,
1172 2694 1223 2731 om.
1237 2679 1283 2739 in,

169 2752 280 2818 Salisb.)
299 2753 339 2804 cf.
355 2755 391 2804 lV
400 2754 433 2805 ir.
444 2756 467 2805 V
537 2754 572 2804 Xl
586 2754 684 2805 Nonius
693 2767 720 2817 p.
728 2750 788 2811 219,
798 2752 829 2803 12
846 2753 977 2817 ‘pigret
993 2751 1092 2801 Ennius
1103 2749 1149 2799 lib.
1160 2749 1221 2799 XVi
1231 2785 1240 2797 .
1250 2783 1257 2798 .
1266 2750 1282 2797 .’

170 2823 255 2888 (xvu
267 2822 371 2883 Aldina,
388 2821 494 2886 Junius)
564 2823 613 2874 Xli
630 2823 776 2874 Priscianus
793 2823 816 2871 V
834 2838 861 2887 p.
874 2821 925 2872 947
938 2820 966 2869 Ρ.
989 2820 1014 2886 (Ι
1026 2836 1054 2886 p.
1067 2816 1118 2870 179
1130 2816 1176 2882 Κ.)
1197 2822 1285 2868 ‘acer-

159 2900 196 2941 ·et
210 2891 310 2953 alacer,
329 2891 434 2943 saluber
455 2900 480 2942 et
497 2892 598 2941 celeber
615 2892 735 2955 quamuis
749 2890 842 2939 alacris
855 2899 879 2940 et
893 2891 960 2940 acris
977 2888 1128 2953 plerumque
1146 2887 1243 2937 iaciant
1260 2896 1285 2937 et

171 2959 283 3009 salubris
294 2967 319 3010 et
332 2959 442 3010 celebris
454 2960 590 3021 feminina,
610 2962 636 3010 in
647 2969 756 3021 utraque
768 2967 854 3023 tamen
865 2959 1042 3007 terminatione
1053 2957 1196 3006 communis
1208 2956 1285 3005 etiam

190 3031 275 3079 enoris
292 3029 456 3079 inueniuntur
468 3028 571 3093 prolata
584 3056 619 3067 -
632 3056 669 3067 -
689 3027 787 3077 Ennius
800 3029 827 3077 in
839 3027 900 3077 XVI
915 3028 967 3077 ...'
994 3025 1100 3076 Seruius
1118 3026 1145 3074 in
1164 3026 1227 3074 Aen.
1248 3025 1284 3075 Vl

207 3099 224 3149 b
247 3099 294 3149 ‘de
312 3098 435 3149 feminino
453 3097 538 3147 alacer
555 3104 580 3148 et
598 3113 671 3148 acer
687 3111 825 3159 numquam
843 3096 968 3156 dicimus,
984 3096 1045 3146 licet
1061 3095 1159 3147 Ennius
1178 3094 1284 3144 dixerit:

172 3169 305 3219 aestatem·
316 3180 402 3230 c.q.s.
419 3166 524 3217 Seruius
534 3165 777 3234 Artisp.489Lind.
791 3166 930 3229 ‘quaeritur
938 3175 1022 3216 utrum
1032 3165 1117 3214 acris
1127 3163 1243 3214 dicamus
1252 3178 1285 3215 an

173 3254 240 3290 acer.
268 3239 366 3288 Ennius
380 3238 448 3288 enim
467 3236 546 3286 dixit:
571 3245 645 3302 post
663 3251 736 3293 acer
753 3235 897 3301 hiemps.¹
968 3235 1027 3286 Xlll
1038 3234 1130 3285 Festus
1142 3249 1170 3300 p.
1187 3231 1238 3286 lta
1250 3234 1285 3288 ll.

174 3307 367 3374 ‘obstipum'
386 3307 563 3373 (obstitum
582 3308 641 3361 eod.
659 3315 685 3357 et
698 3303 808 3369 Paulus)
828 3305 984 3369 ‘obliquum
1007 3305 1106 3356 Ennius
1123 3304 1141 3355 l.
1160 3304 1223 3355 XVI
1237 3303 1284 3355 ...’

243 3378 305 3428 xlv
317 3377 408 3427 Festus
420 3391 447 3443 p.
458 3374 511 3428 370
523 3376 557 3427 ll.
577 3379 743 3445 ‘uaporem
756 3390 804 3442 pro
817 3376 916 3444 nuptu.
936 3376 1035 3427 Ennius
1045 3375 1074 3426 ll.
1087 3374 1149 3427 XVl
1164 3373 1216 3426 ...'

174 3579 263 3634 Bern.
299 3578 343 3651 Cf.
362 3577 507 3635 lucretiae
519 3579 540 3635 Ι
551 3581 603 3641 557
626 3586 696 3655 ‘qua
707 3586 826 3654 propter
839 3580 920 3654 tonpa
937 3580 992 3636 diei
1004 3576 1119 3652 infinita
1132 3585 1211 3635 oetas
1223 3585 1288 3636 aute

174 3666 231 3719 acti
243 3666 374 3738 temporis
390 3667 493 3720 omnes'
598 3671 651 3726 400
670 3658 741 3741 quos
762 3667 809 3722 ubi
824 3683 875 3722 rex
890 3667 1012 3739 populos
1027 3665 1131 3737 spexit]
1153 3681 1224 3736 quos
1239 3665 1286 3720 ubi

173 3765 225 3804 rex
301 3751 349 3805 ulo
364 3750 457 3822 spexit
469 3749 529 3806 cort
546 3750 631 3807 nau.
653 3768 706 3808 uos
728 3752 811 3824 epulo
832 3757 982 3823 postquam
996 3751 1089 3823 spexit
1108 3748 1214 3815 Varro,
1233 3750 1287 3805 rei.

173 3851 227 3890 om.
315 3837 443 3891 contibns
456 3835 564 3891 Festus.
577 3838 719 3893 montibus
732 3835 900 3909 Pomponius
913 3837 1016 3892 Laetam
1120 3840 1173 3895 403
1187 3841 1288 3906 qurent

175 3918 265 3992 Neop.
373 3924 426 3979 405
442 3925 581 3993 potestate
597 3920 675 3977 betti.
778 3925 831 3982 406
849 3928 968 3978 aetatem
983 3919 1096 3976 Cusselt.
1113 3918 1206 3973 Seruii

176 4006 302 4076 sequitur
322 4021 375 4060 cm.
397 4003 514 4061 Seruitia
597 4005 708 4078 hiemps
730 4003 800 4079 Req.
820 4022 857 4060 m.
874 4024 925 4079 pr.
950 4005 1040 4060 Bam.
1060 4001 1152 4056 Pn'sc.
1175 3998 1289 4056 Caeseti

177 4085 277 4160 Seruii,
288 4088 442 4146 Semiusta
452 4089 530 4145 Arte.
541 4089 633 4147 hiems
644 4093 731 4147 ceteri
813 4091 844 4144 fit
857 4091 923 4146 add.
936 4087 1030 4144 Seruii
1042 4086 1105 4142 edd.
1121 4084 1156 4140 sit
1167 4084 1289 4152 Causea,

176 4188 231 4226 om.
250 4175 335 4229 cetera
437 4175 489 4233 407
508 4176 628 4246 obstipis
644 4174 783 4248 Gifoniam
800 4174 910 4229 obstitis
926 4172 988 4228 cott-
1108 4175 1163 4230 408
1182 4171 1289 4227 clamor

177 4256 238 4311 cod.
255 4258 361 4312 clamos
376 4260 436 4315 siue
448 4259 572 4315 clamore
584 4258 783 4316 Moturum
795 4258 835 4314 ad
844 4258 931 4314 Lacr.
952 4255 996 4314 VI
1009 4261 1077 4317 126⁰
