2932 4942
120 372 123 377 '
167 382 244 431 xxu
508 418 511 425 .
566 374 878 446 QVAESTIONES

169 540 315 601 uideatur:
345 559 430 621 quam
454 560 516 602 rem
545 560 582 602 ne
605 514 739 603 solntilior
768 544 882 623 quidem
911 545 939 604 in
968 545 1025 605 hoe
1052 564 1163 637 genere
1191 552 1279 625 podta

170 648 318 727 Vergilius
342 649 497 726 deuitauit,
521 649 569 728 qui
584 647 657 708 hen.
674 649 714 710 Vl
734 650 813 727 723,
837 670 921 730 quem
937 652 1032 712 locum
1048 652 1193 729 llltcrgius
1209 651 1279 711 indi·

170 757 248 819 cauit
270 774 298 835 p.
318 753 374 830 17,
400 754 556 815 Anchisam
579 755 769 816 descendenti
786 756 822 817 ad
837 758 947 819 inieros
964 759 1084 821 Aeneae
1098 760 1167 820 iacit
1184 774 1279 837 prom·
1393 834 1397 841 ⁸

171 874 247 946 ptam
268 883 285 926 c
306 872 406 924 natura
432 880 527 923 renum
549 863 718 942 sapientiam
741 880 888 926 enarrare.
925 866 970 927 ho
992 876 1048 926 tam
1072 869 1196 946 ineptam
1220 882 1281 924 rem

171 972 279 1035 Ennius
298 972 376 1050 egit,
400 962 477 1049 qnod
501 971 580 1050 prins
600 989 683 1050 quam
702 971 738 1032 ad
759 990 895 1033 summam
915 975 1097 1047 seutentiam,
1124 954 1280 1032 animarum

171 1080 408 1155 translationem,
436 1076 610 1153 accederet,
641 1079 727 1159 paulo
749 1099 837 1160 snpm
858 1089 997 1159 repetens
1018 1078 1113 1140 mnndi
1140 1079 1282 1155 originem

173 1187 387 1267 animarumque
409 1194 538 1267 naturam
561 1184 747 1264 exponeret?
774 1187 811 1248 Et
833 1187 975 1247 annalium
998 1189 1022 1246 si
1045 1205 1102 1245 non
1125 1195 1191 1245 sunt
1215 1205 1281 1245 ner·

172 1286 222 1353 s'us
237 1293 290 1369 illi,
312 1294 357 1353 cni
374 1293 488 1355 tandem
505 1294 622 1353 carmini
638 1290 799 1353 inlerciasl
820 1292 866 1354 De
882 1293 1069 1373 Epicharmo,
1085 1293 1282 1373 philosophae

172 1393 323 1461 doctrinae
341 1400 455 1478 dicato,
486 1401 620 1479 qnoniam
633 1396 809 1477 ,Epicharmi
831 1418 952 1476 uersus,
976 1402 1019 1462 illi
1041 1399 1155 1480 quidem
1176 1402 1223 1479 qui
1244 1418 1283 1459 ex

172 1505 347 1586 Epicharmo
369 1509 538 1570 adferuntur
560 1507 687 1583 diserte,
715 1516 835 1567 numero
859 1507 1008 1568 trochaico
1029 1504 1284 1585 decurrunt„non

171 1614 300 1675 debehat
322 1617 436 1676 omnino
459 1614 582 1691 cogitari
591 1636 598 1672 ς
625 1613 679 1673 nisi
692 1615 735 1690 is,
753 1616 807 1682 ,cui
821 1616 885 1676 lere
899 1614 1041 1676 debentur
1055 1611 1229 1693 superstites
1245 1633 1283 1674 eu

171 1723 229 1784 hoc
250 1741 361 1800 genere
377 1717 498 1797 ners'us,
530 1721 624 1781 Varro
642 1719 830 1780 hexametros
849 1722 916 1782 illos
939 1724 1020 1802 ipsos
1039 1739 1113 1802 quos
1132 1721 1284 1781 Lucretius

170 1829 323 1891 uidebatur
341 1820 624 1891 annal-ihus’tradere
641 1846 696 1887 una
712 1846 776 1888 cum
794 1828 928 1890 uersibus
943 1831 1100 1892 trochaicis
1114 1849 1151 1889 ex
1167 1829 1283 1906 eodem,

171 1945 203 1996 ut
223 1945 340 2015 putant,
369 1936 544 2017 Epicharmo
565 1935 736 1996 rettulisset.
783 1935 917 2015 Adposui
939 1939 1029 2015 inira,
1059 1947 1089 1998 nt
1107 1937 1284 2015 intelligatur

172 2043 243 2123 quid
254 2043 312 2105 hoc
328 2048 370 2106 rei
387 2045 440 2120 sit,
461 2044 602 2103 Varronis
618 2043 732 2118 integra
748 2041 838 2102 uerba
854 2042 907 2122 (de
923 2043 954 2103 h.
972 2042 1003 2102 L.
1021 2044 1048 2102 V
1062 2045 1102 2105 59
1118 2045 1191 2125 hl.):
1213 2050 1283 2106 hoec

172 2153 226 2209 duo
245 2156 357 2211 >eaelum
384 2163 410 2212 ct
437 2161 515 2211 tarro
541 2153 615 2228 qnod
642 2157 735 2221 animo
765 2161 792 2209 et
820 2170 923 2228 eorpus
951 2143 1071 2211 umidum
1098 2163 1124 2212 ct
1150 2155 1281 2228 fnpidrtns

174 2267 252 2316 terra
264 2263 324 2317 siue
337 2281 392 2319 oua
401 2265 503 2336 parire
513 2263 581 2318 solet
592 2277 680 2334 penus
689 2265 791 2335 pennas
805 2257 1025 2331 condecoratam,
1040 2280 1095 2319 non
1110 2267 1238 2334 onmem,
1253 2268 1283 2318 ut

173 2371 213 2424 ait
232 2368 355 2441 Ennius,
386 2369 578 2443 adportando
605 2372 680 2425 uenit
706 2370 834 2427 dminitu's
859 2369 945 2442 pullis
973 2371 1036 2442 ipsa
1058 2373 1152 2426 animo
1176 2372 1235 2426 sine
1255 2376 1284 2426 ut

174 2469 268 2533 Zenon
291 2478 390 2535 Citieus
412 2479 571 2534 animalium
593 2491 685 2532 semen
707 2479 778 2550 ignr's
799 2478 823 2532 io
846 2478 894 2549 qui
914 2478 1007 2532 animo
1035 2494 1070 2534 ac
1099 2493 1184 2534 mens.
1233 2476 1287 2546 Qut

175 2585 273 2642 caldor
292 2602 307 2642 c
326 2589 403 2644 coelo
426 2587 499 2659 quod
520 2586 564 2641 hic
590 2583 801 2640 innumerabiles
827 2601 862 2639 nc
889 2586 1049 2660 inmortales
1073 2588 1163 2658 ignes.-
1195 2587 1286 2658 itaque

176 2692 418 2765 Epicharmus
432 2695 467 2750 dc
481 2701 570 2750 meante
585 2692 707 2748 numana
724 2692 788 2748 dicit
803 2694 889 2748 tatic
904 2700 944 2748 cst
958 2694 993 2749 de
1006 2695 1063 2750 sole
1079 2699 1203 2764 sumptus
1216 2694 1288 2765 mnis

175 2800 205 2856 id
225 2807 267 2856 est
285 2803 328 2857 sol
343 2807 390 2857 ¹cst
409 2804 485 2873 isque
500 2807 569 2857 mtus
585 2803 682 2857 mentis
696 2806 745 2856 est.
784 2795 897 2856 Etenim
914 2795 1079 2855 dirimentes
1094 2813 1111 2855 a
1127 2813 1214 2853 uersu
1230 2813 1285 2853 suo

175 2909 238 2986 ι’τιὶτΙ
257 2922 418 2983 pronomen
440 2921 504 2963 eum
526 2901 692 2983 Epicharmi
715 2903 831 2962 nomine
853 2901 1002 2960 nouissimi
1021 2903 1134 2981 quidem
1154 2900 1284 2960 editores

177 3012 365 3089 coniungunt,
388 3028 447 3091 quo
469 3011 638 3091 superiores
655 3027 759 3068 uersus
774 3008 961 3069 hexametros
977 3028 1015 3069 ex
1032 3008 1286 3087 eiusdempoe‘tae

174 3120 268 3181 Siculi
290 3136 342 3179 ore
366 3118 485 3204 {luxisse
508 3117 697 3195 significetur.
737 3113 776 3174 ht
797 3114 975 3190 huncnihili
998 3135 1066 3176 esse
1086 3103 1189 3175 testem
1206 3123 1287 3178 centa

177 3247 280 3289 uersus
295 3226 506 3306 interpolatrici
521 3243 606 3285 mann
618 3223 692 3283 male
705 3224 850 3283 attrectati
864 3216 1026 3285 emendatio
1041 3214 1181 3286 ostendit:
1201 3240 1286 3301 quem

178 3354 243 3395 cum
264 3335 399 3410 Scaliger
427 3334 496 3394 olim
525 3322 561 3393 in'
581 3334 656 3393 hnne
682 3330 796 3390 modum
823 3338 994 3409 purgasset:
1022 3336 1082 3390 ostie
1109 3341 1149 3390 cst
1179 3332 1212 3388 de
1230 3333 1288 3388 sole

176 3450 301 3518 sumptus
321 3445 392 3517 ignis
411 3447 488 3516 acque
508 3445 604 3498 mentis
621 3446 675 3523 ucat,
697 3437 786 3517 paulo
804 3435 983 3516 probabilius
998 3435 1142 3513 Berghins
1165 3435 1184 3494 l.
1206 3433 1224 3492 l.
1248 3434 1287 3492 ita

178 3551 206 3621 in
228 3549 377 3627 pristinam
399 3545 529 3624 speciem
550 3544 675 3602 restituit
697 3561 792 3616 suamg
814 3549 874 3604 istic
892 3552 932 3602 est
953 3547 987 3602 dc
1001 3545 1058 3600 sole
1074 3548 1289 3618 sumptorioque

178 3664 247 3716 mtto
268 3660 434 3714 mentesani.
466 3651 505 3711 At
527 3632 626 3737 eidem
643 3650 686 3710 illi
708 3650 745 3710 de
768 3648 871 3727 quibus
895 3664 991 3707 sermo
1013 3655 1182 3725 esttuersus
1197 3647 1288 3705 hexa-

177 3763 260 3847 metri
277 3761 447 3839 quibusdam
463 3761 599 3840 expressi
616 3758 786 3819 uidebantur
804 3775 841 3817 ex
858 3756 903 3816 his
916 3755 1037 3817 Graecis
1050 3769 1124 3832 quos
1136 3751 1288 3833 Diogenes

178 3866 309 3929 Laertius
332 3867 389 3947 (lll
413 3867 451 3928 12
473 3887 501 3947 p.
525 3866 576 3927 72·
590 3867 635 3926 ed.
657 3865 739 3945 Did.)
763 3866 890 3924 seruauit
912 3862 1094 3942 Epicharmi:
1149 3853 1151 3859 ’

344 3985 475 4070 stipae,
497 3981 529 4052 nd
553 3982 652 4069 σοφόνΙ
669 3987 748 4050 ἐστιν
769 3979 804 4050 oni
827 3977 902 4050 καθ’
922 3987 959 4047 tv
979 3981 1081 4065 μόνον,

346 4084 414 4155 dtt'
438 4085 534 4155 ὁπόσα
555 4114 610 4172 περ
630 4095 680 4176 ζῇ,
707 4084 805 4151 πάντα
827 4088 877 4151 καὶ
900 4082 1023 4170 γνώμαν
1045 4085 1110 4167 ἔχει.

343 4193 394 4257 καὶ
414 4186 472 4277 γὰρ
491 4187 521 4256 τὸ
544 4199 625 4275 θῆλυ
647 4199 703 4255 noio
723 4184 919 4280 olleanopldorv
939 4190 1032 4271 γένος,

344 4299 377 4360 αἰ
399 4301 451 4380 λῇς
473 4301 661 4376 καταμαθεῖν
682 4287 793 4373 dunig,
816 4285 851 4356 oni
873 4294 960 4354 τίκτει
982 4290 1070 4352 τέκνα
