2932 4942
539 333 593 389 EN
601 334 625 389 N
632 333 707 390 IAN
716 332 772 388 ΑΕ
1123 341 1211 391 xonr

98 500 286 578 repetiuerit‚
315 508 410 558 tamen
439 518 497 559 non
522 507 580 557 tam
609 496 700 556 Siculi
728 495 942 574 philosophiam
966 513 1049 574 qnam
1067 490 1141 557 ¹eam
1164 501 1209 558 oui

98 606 149 665 ille
177 624 209 664 se
243 605 393 664 addixerat
415 605 627 682 Pythagoream
657 611 787 663 sectatus
816 610 869 661 est.
915 602 1029 662 Etenim
1057 604 1123 664 huic
1148 606 1210 685 phi·

98 712 270 790 losophiae,
295 730 379 790 quam
394 710 516 770 Romani
536 711 690 788 antiquitus
713 717 863 785 receptam
885 710 1042 768 studiosius
1062 708 1209 786 colebant,

10 813 12 817 ⁴
98 817 206 878 Ennius
230 835 364 896 quoque,
396 817 474 896 quod
500 816 651 877 exordium
679 814 822 876 annalium
848 815 959 890 arguit,
993 816 1153 892 praecipue
1177 834 1211 874 se

98 925 228 984 dederat.
274 923 338 997 Qua
361 940 393 980 re
414 938 471 981 non
496 941 553 1001 quo
576 923 736 999 argumenti
766 922 909 998 originem
938 921 1095 995 indicaret,
1127 937 1212 998 quam

99 1029 176 1109 quod
199 1027 390 1107 Epicharmus
414 1029 537 1087 eximius
556 1028 677 1088 scholae
700 1028 904 1104 Pythagoreae
933 1034 1063 1086 sectator
1086 1025 1213 1085 habeha-
1312 1027 1317 1034 '

100 1143 161 1209 tur,
195 1133 253 1192 hoo
291 1135 318 1193 ei
354 1134 470 1192 carmini
504 1151 609 1194 nomen
643 1136 800 1212 inscripsit.
852 1131 897 1192 cf.
930 1132 961 1191 L.
995 1131 1030 1190 V.
1064 1130 1212 1191 Schmidtii

100 1242 220 1314 Quaem.
244 1237 349 1317 Epich.
371 1257 399 1318 p.
422 1237 471 1297 53.
518 1237 601 1311 Quae
624 1241 691 1300 mihi
718 1242 861 1300 sententia
890 1255 926 1296 eo
948 1239 1040 1314 magis
1060 1237 1210 1314 probatur,

100 1365 164 1405 oum
185 1344 294 1403 Ennius
325 1345 353 1402 in
379 1342 436 1402 hoc
465 1347 592 1406 carmine
623 1345 843 1425 Epicharmum‚
876 1345 939 1403 siue
970 1345 994 1402 is
1022 1344 1214 1403 interlocutor

99 1451 152 1511 fuit
181 1453 244 1510 siue
271 1469 344 1510 unus
373 1451 467 1510 omnia
494 1451 668 1530 disputauit‚
699 1453 866 1531 loquentem
896 1452 1029 1511 uideatur
1054 1451 1213 1510 induxisse.

99 1556 163 1617 lice
186 1558 261 1615 enim
279 1557 409 1616 indicare
432 1556 500 1615 mihi
521 1556 616 1616 Varro
637 1560 715 1618 uisus
738 1568 801 1634 est,
824 1559 872 1636 qui
898 1559 934 1618 de
954 1557 984 1616 L.
1006 1558 1037 1617 L.
1068 1556 1092 1613 V
1111 1556 1154 1615 Ι59
1174 1555 1213 1615 ll.

101 1663 137 1724 de
168 1663 226 1723 hoc
264 1664 390 1722 carmine
428 1669 518 1739 itaque
550 1665 641 1742 inquit
673 1669 861 1740 Epicharmos
899 1669 933 1723 de
967 1674 1055 1722 meme
1092 1666 1214 1722 humano

100 1774 165 1828 dicit
186 1767 227 1845 (V
230 1767 258 1846 l)
282 1777 311 1827 et
333 1767 359 1824 V
382 1766 422 1827 68
444 1765 482 1825 Μ.
503 1772 567 1827 hine
589 1775 778 1846 Epicharmus
799 1775 875 1830 Enni
888 1775 1089 1845 Proserpinam
1111 1785 1217 1843 quoque

101 1879 224 1951 adpellant
246 1872 356 1952 (vill).

186 1979 230 2038 Eo
249 1978 341 2054 libro,
369 1996 456 2057 qoem
485 1987 574 2057 poeta
601 1979 801 2041 Euhemeri
831 1986 945 2043 nomine
971 1981 1136 2058 insigniuit‚
1157 1977 1214 2038 Eu·

101 2087 228 2161 hemeri‚
250 2101 308 2163 quo
328 2082 364 2142 de
395 2082 563 2147 lirahnerus
593 2087 629 2148 de
655 2091 750 2149 causis
779 2106 856 2148 corr.
887 2089 973 2164 relig.
1003 2085 1087 2144 Rom.
1116 2102 1144 2162 p.
1174 2083 1213 2144 37

101 2202 237 2254 accurate
269 2191 443 2270 disputanit‚
478 2208 623 2251 sacram
657 2193 865 2271 historiam,
899 2204 930 2253 ut
960 2192 1066 2252 Cicero
1096 2193 1134 2252 ait
1162 2190 1216 2268 (de

102 2309 159 2360 nat.
182 2300 266 2359 deor.
287 2296 300 2355 l
322 2295 383 2372 42,’
399 2296 490 2376 119),
513 2298 734 2378 ‘interpretatus
756 2311 785 2360 et
808 2312 926 2361 secutus
953 2302 1019 2359 est'
1065 2297 1215 2377 Reliquias

101 2404 168 2463 inde
191 2405 273 2464 unius
295 2403 435 2463 lactantii
458 2419 637 2479 paganorum
666 2407 790 2485 ineptias
820 2407 986 2468 confutandi
1008 2404 1130 2464 studium
1152 2422 1223 2468 ser·.

102 2511 197 2585 uenit,
221 2509 288 2569 stilo
312 2508 443 2590 pedestri
466 2515 619 2585 erraratas,v
642 2510 695 2571 sed
717 2513 756 2571 ita
788 2522 818 2572 ot
845 2513 963 2572 multum
989 2509 1149 2571 abhorrere
1178 2509 1214 2569 ab

102 2624 198 2676 aetate
217 2615 301 2674 Ennii
323 2616 491 2690 uideantur,
517 2633 602 2693 quern
627 2634 685 2694 ego
714 2634 802 2698 prosa
832 2619 965 2678 oratione
996 2617 1111 2676 omnino
1132 2633 1221 2676 usum.

103 2739 170 2780 esse
190 2720 311 2780 difficile
331 2722 500 2781 concedam.
545 2720 577 2780 ln
597 2741 654 2801 qua
674 2742 763 2785 causa
782 2722 851 2783 nihil
867 2740 921 2782 nos
932 2722 1072 2782 Varronis
1092 2723 1161 2782 loco
1177 2720 1213 2780 de

102 2845 137 2886 re
158 2828 266 2886 rustica
287 2826 300 2886 l
323 2825 362 2886 48
385 2827 568 2903 cdiunamnr,
590 2828 666 2907 apud
689 2848 775 2909 quem
802 2847 861 2888 non
890 2828 968 2907 quod
994 2828 1166 2904 uolgabatur
1187 2833 1215 2884 m

102 2936 255 2991 Euhemeri
269 2936 404 3007 uersibus,
417 2932 471 2991 sed
486 2939 514 2991 in
525 2936 677 2993 Euhemeri
692 2941 767 2994 librate
783 2943 873 2995 uersis
893 2935 992 3013 optimi
1010 2934 1076 2993 lihri
1090 2933 1214 2991 auctori·

102 3046 162 3097 tate
180 3037 372 3098 confirmatur.
390 3035 435 3097 ct.
448 3038 673 3100 Politianilliso.
690 3059 715 3099 e.
728 3039 778 3101 35.
804 3040 876 3099 Eum
888 3049 984 3099 antem
998 3052 1115 3095 uersum
1130 3051 1217 3112 quem

103 3140 166 3198 sine
184 3138 249 3198 lihri
271 3139 377 3202 indicio
392 3143 503 3204 Nonius
523 3165 551 3224 p.
569 3145 650 3222 216,
674 3145 713 3205 29
732 3147 830 3205 citauit
854 3145 944 3222 (hon.
963 3143 976 3203 l
994 3144 1030 3203 fr.
1046 3139 1144 3219 XXV)
1167 3157 1213 3197 sn-

103 3263 156 3324 prn
177 3247 273 3305 monui
299 3265 330 3326 p.
360 3247 456 3310 XXVl
481 3271 532 3312 cur
550 3251 586 3311 ab
607 3249 773 3312 Euhemero
796 3252 921 3312 alienum
950 3251 1060 3310 ducam.
1105 3245 1214 3305 Verum

103 3353 179 3411 enim
205 3369 277 3412 uero
306 3372 370 3416 cum
398 3355 562 3418 Columella
588 3357 630 3418 lX
657 3356 804 3434 2poemm
824 3362 1009 3418 Euhemerum
1033 3354 1091 3433 (V)
1119 3352 1214 3414 lauda·

102 3459 183 3517 uisse
206 3457 290 3518 Ennii
313 3479 423 3522 memor
442 3464 588 3541 uideatur,
616 3474 675 3523 tum
702 3483 750 3524 res
782 3464 934 3524 coniicitur
963 3463 1068 3541 opinor
1096 3462 1214 3519 inuento

101 3562 223 3642 llhergii
245 3569 321 3642 mei,
353 3569 401 3645 qui
425 3569 635 3630 delitescentes
665 3570 718 3630 suh
747 3569 888 3630 Lactantii
910 3567 1010 3627 uerbis
1032 3576 1215 3627 tetrametro·

102 3689 164 3729 rum
188 3671 346 3749 particulas
368 3675 529 3734 suscitarit.
574 3675 650 3735 Vide
672 3677 759 3753 igitur
781 3692 854 3753 quos
877 3673 928 3733 ille
959 3673 1034 3733 eir.
1067 3671 1122 3732 Xll
1147 3690 1212 3731 uer-

102 3795 152 3836 sus
185 3776 393 3857 descripserit:
421 3781 550 3854 Irippiter
570 3791 719 3856 postquam
749 3785 842 3839 omnes
867 3793 960 3839 terras
987 3782 1116 3839 circuierit
1135 3781 1215 3852 qairr-

102 3911 198 3979 quiene
221 3900 226 3987 1
254 3885 434 3980 dmruhusque
455 3907 513 3964 suis
538 3913 634 3964 amieis
661 3909 742 3982 (itque
763 3909 886 3982 cognatis
913 3912 971 3964 onie
990 3901 995 3987 l
1014 3884 1138 3981 imperio
1167 3920 1216 3962 ea·

97 4014 211 4084 pendit,
244 4016 353 4084 reliquit
380 4013 466 4086 tapes,
499 4030 589 4070 meres
615 4012 733 4086 dddidit,
761 4007 766 4094 i
793 4016 972 4070 linimentum
999 4013 1116 4084 prireieo‘t
1147 4016 1215 4067 clia·

103 4134 157 4189 que
185 4118 325 4173 immortali
351 4122 441 4191 pidrio
466 4115 470 4199 l
496 4121 585 4176 Mallia
613 4120 690 4191 feeit.
719 4125 748 4175 ei
777 4135 794 4176 e
824 4119 859 4176 ir.
887 4117 954 4176 Vlll
984 4119 1111 4191 Ieippiter
1140 4119 1215 4188 Nep-

104 4223 169 4277 trino
189 4226 333 4295 inperium
350 4227 432 4297 pdnti
453 4227 516 4298 dat,
535 4234 564 4281 ut
591 4229 620 4281 im
649 4225 746 4281 insulas
765 4221 770 4304 1
790 4225 901 4293 Qrece'ue
921 4240 1001 4281 secus
1019 4225 1134 4296 pontt'em
1156 4226 1216 4280 loca
