2932 4942
604 319 836 375 ENNlANAE
1206 327 1279 376 LVII

168 484 219 545 lib.
243 482 356 561 xxvi)
386 483 512 544 uocabat
540 486 594 545 arti
622 484 761 546 adhibuit.
806 485 879 544 Nam
901 482 1041 543 Naeuium
1068 501 1125 542 uon
1147 485 1279 563 attigisse

169 593 356 653 hexametros
387 600 501 650 constat
528 591 614 652 bodie
642 609 699 649 uon
719 593 868 668 omnibus,
897 591 949 650 sed
968 591 1134 668 plerisque:
1164 594 1201 654 de
1224 611 1279 672 qua

168 717 202 758 re
239 716 323 776 quam
352 716 426 756 nunc
460 716 517 757 non
548 716 712 776 persequor
747 697 884 775 quidquid
915 696 1103 772 iudicabitur,
1145 715 1198 757 eos
1231 699 1279 778 qui

168 817 313 884 tamquam
331 802 471 862 Naeuiani
495 802 646 862 laudantur
668 803 854 864 hexametros
879 822 914 863 ea
936 813 1032 864 aetate
1053 804 1141 882 longe
1163 805 1278 883 politio·

170 933 218 975 res
241 930 310 973 esse
333 928 503 990 persuasum
522 908 629 970 babeo.
676 910 720 970 Ab
743 910 800 970 illis
824 919 918 970 autem
939 911 1090 987 uersibus,
1115 912 1189 970 inter
1205 926 1280 988 qrros

170 1021 347 1082 Ciceronem
369 1033 426 1075 non
457 1015 544 1074 multa
568 1017 701 1075 omisisse
725 1017 879 1093 existimo,
908 1035 965 1077 non
993 1036 1098 1095 magno
1125 1016 1279 1077 interuallo

171 1132 332 1208 dispectum
361 1123 452 1182 fnisse
486 1122 522 1180 fr.
546 1120 572 1179 ll
605 1122 733 1181 uidetur:
765 1140 823 1199 quo
849 1142 912 1183 eam
938 1124 1041 1184 ‘dicti’
1070 1122 1201 1201 peritiam
1224 1121 1280 1181 sibi
1354 1199 1357 1205 Ι

170 1252 227 1295 non
253 1251 307 1313 per
333 1228 472 1289 somnium
494 1227 547 1286 sed
570 1226 671 1286 labore
696 1247 731 1287 ac
756 1229 852 1290 studio
875 1232 1034 1308 contigisse
1056 1228 1217 1308 profitetur.
1255 1227 1281 1287 A

171 1338 275 1419 quibus
303 1336 390 1415 paulo
415 1334 529 1408 longius
551 1333 652 1393 aberat
676 1336 789 1394 tertium
814 1336 1018 1415 eproboemio
1034 1345 1185 1414 superstes
1202 1335 1279 1413 frag-

170 1453 314 1520 mentum,
336 1460 394 1522 qno
411 1440 519 1500 Ennius
540 1457 572 1497 se
595 1439 631 1498 ab
655 1440 836 1501 obtrectandi
861 1443 979 1502 libidine
998 1443 1111 1502 uidetur
1127 1459 1281 1502 reuocare.

171 1552 230 1612 Sed
260 1551 315 1610 hos
343 1550 380 1609 de
414 1566 465 1606 sua
492 1545 655 1624 Naeuiique
684 1549 769 1624 poesi
800 1566 904 1607 sensus
936 1548 1076 1609 Columna
1105 1567 1140 1609 ac
1167 1547 1281 1609 Merula

172 1664 289 1737 poe'tarn
311 1659 339 1715 in
360 1656 425 1733 ipso
444 1653 541 1712 limine
559 1654 691 1713 carminis
710 1653 928 1732 deprompsisse
944 1654 1115 1713 uoluerunt:
1138 1673 1172 1714 ac
1189 1657 1282 1733 potnit

171 1782 234 1824 eam
257 1781 319 1823 rem
339 1762 449 1821 Ennius
474 1762 528 1820 iarn
549 1761 578 1818 in
604 1759 686 1837 primi
708 1759 819 1819 annalis
841 1761 964 1820 exordio
988 1761 1140 1836 attingere.
1185 1760 1279 1837 Nunc,

170 1869 249 1948 quod
272 1866 378 1928 Cicero
402 1867 580 1941 subindicat,
604 1884 639 1924 ea
663 1865 701 1924 ibi
725 1868 876 1944 exposuit,
900 1866 948 1927 ubi
970 1868 1112 1926 rationem
1125 1868 1278 1943 reddebat,

171 1993 222 2034 cur
249 1975 277 2033 in
304 1975 398 2052 primo
421 1971 502 2032 bello
526 1972 633 2031 Punico
655 1972 831 2051 aliquantum
852 1992 868 2033 a
890 1991 972 2033 more
994 1991 1047 2033 suo
1074 1974 1208 2033 narrandi
1230 1973 1280 2033 de-

171 2079 303 2139 llexisset
318 2080 474 2156 (scripsere
495 2085 544 2137 clii
566 2098 624 2137 rem
643 2097 712 2158 eq.
728 2099 752 2139 s.
778 2080 814 2144 ir.
833 2079 875 2157 l):
901 2097 957 2157 qua
978 2082 1195 2158 opportunitate
1216 2100 1279 2140 cum

170 2183 273 2245 Naeuii
293 2202 411 2244 carmen
431 2193 616 2260 memoraret,
640 2185 774 2244 iudicium
794 2185 831 2245 de
849 2203 885 2244 eo
907 2191 995 2262 poeta
1017 2186 1132 2247 adiecit.
1163 2186 1226 2261 Qua
1248 2206 1280 2247 re

172 2305 224 2348 suo
249 2290 310 2348 iure
332 2291 426 2350 editor
440 2291 600 2369 Lipsiensis
623 2291 734 2351 relictis
756 2292 884 2351 auctoris
900 2292 944 2348 sui
960 2293 1093 2370 uestigiis
1112 2295 1140 2353 in
1155 2296 1280 2372 septimo

172 2413 273 2455 uersus
296 2399 438 2475 reposuit.
477 2396 567 2457 Porro
595 2398 660 2457 dum
681 2416 729 2457 res
751 2401 832 2476 ipsas
848 2397 905 2457 boc
926 2396 1007 2457 bello
1028 2409 1128 2475 gestas
1152 2400 1281 2460 breuiter

172 2503 356 2580 perstringit,
389 2507 564 2564 occasiones
588 2504 726 2584 quasdam
749 2505 932 2564 inlustriores
952 2505 1055 2583 quibus
1077 2506 1162 2566 latius
1186 2508 1279 2566 oratio

172 2617 328 2686 negaretur
358 2611 494 2687 captauit.
539 2612 581 2672 lta
610 2610 745 2672 uersibus
774 2628 848 2690 quos
875 2608 960 2670 Gellii
988 2610 1024 2670 N.
1049 2612 1086 2670 Α.
1115 2611 1209 2672 ΧΙΙ4
1239 2614 1280 2671 in-

171 2716 281 2777 dustria
314 2716 442 2776 seruauit
468 2717 537 2796 (X)
575 2718 707 2797 speciem
737 2717 791 2774 uiri
825 2718 926 2776 nescio
962 2719 1043 2777 cuius
1080 2720 1128 2798 qui
1162 2719 1280 2779 Seruilii

171 2823 295 2882 amicitia
322 2821 471 2883 fruebatur
502 2841 566 2883 cum
599 2823 693 2883 studio
724 2821 912 2882 adumbrauit.
968 2823 1140 2884 Theodorus
1168 2824 1280 2903 llugins

172 2927 287 3007 quidem
317 2927 500 3005 inprobabile
531 2930 624 3008 ducit,
658 2928 779 2988 Ennium
810 2928 839 2986 in
871 2936 929 2986 tam
958 2928 1165 3007 compendiosa
1198 2929 1280 2989 buius

171 3034 243 3094 belli
267 3035 430 3094 narratione
452 3035 565 3094 mediae
584 3054 698 3113 pugnae
720 3035 841 3094 alicuius
857 3033 1047 3113 descriptioni
1069 3053 1132 3095 earn
1157 3038 1279 3114 copiose

172 3141 347 3219 explicatam
368 3158 479 3200 morum
501 3142 724 3201 delineationem
748 3139 939 3198 inmiscuisse.
979 3140 1017 3199 At
1037 3140 1085 3200 bic
1105 3147 1193 3221 poeta
1216 3159 1280 3201 curn

172 3248 287 3324 longius
309 3246 427 3307 abesset
450 3247 486 3307 ab
512 3266 548 3306 ea
575 3249 644 3307 artis
667 3245 841 3320 subtilitate,
875 3264 951 3325 quae
976 3249 1098 3306 maxime
1125 3249 1152 3307 in
1174 3265 1281 3327 aequa·

171 3352 282 3413 bilitate
304 3352 426 3431 partium
449 3355 645 3432 conspicitur,
670 3361 727 3411 tum
750 3351 807 3411 boc
828 3353 963 3412 consulto
986 3354 1124 3431 instituit,
1148 3364 1178 3415 ut
1201 3365 1280 3416 cete·

172 3461 212 3519 ris
235 3478 309 3538 quae
332 3458 459 3520 Naeuius
482 3468 680 3539 occupauerat
702 3459 862 3518 summatim
886 3461 1015 3520 tractatis
1039 3463 1067 3521 in
1092 3461 1281 3521 deuerticulis

172 3567 343 3645 quibusdam
364 3566 469 3627 diutius
486 3576 663 3628 uersaretur.
702 3564 764 3639 Qua
786 3584 819 3624 re
841 3584 876 3625 ne
896 3566 967 3627 illud
984 3569 1100 3647 quidem
1119 3577 1177 3627 tam
1197 3569 1281 3627 ruira-
1387 3588 1391 3595 ·

171 3673 231 3733 bile
265 3680 311 3731 est
343 3690 427 3750 quam
459 3671 555 3748 Hugio
586 3670 757 3745 uidebatur,
792 3671 870 3748 quod
902 3673 1081 3750 splendidius
1110 3692 1127 3733 a
1154 3672 1281 3734 Seruilio

172 3788 288 3856 gestum
324 3777 392 3837 nibil
428 3778 464 3837 ad
496 3786 625 3836 nostram
658 3779 825 3837 memoriam
854 3780 997 3856 peruenit.
1064 3778 1178 3839 Etenim
1207 3778 1280 3837 duos

171 3882 263 3943 inisse
285 3884 427 3943 Seruilios
447 3884 581 3961 geminos
604 3880 712 3942 Cicero
734 3883 820 3943 tradit
844 3885 973 3964 (quaest.
998 3884 1080 3945 acad.
1105 3882 1131 3944 ll
1151 3881 1205 3957 18,
1228 3883 1280 3942 56.

173 3986 230 4063 26,
249 3985 325 4066 84),
350 3987 479 4048 Publium
500 3989 639 4065 alterurn,
661 3989 709 4068 qui
730 4007 795 4048 cnm
816 3986 850 4048 Ο.
867 3988 988 4049 Aurelio
1007 3988 1094 4050 Cotta
1114 3987 1159 4046 bis
1179 3986 1282 4047 consul

172 4092 225 4152 luit
253 4112 280 4153 a.
300 4111 327 4153 n.
346 4104 371 4153 c.
392 4094 450 4153 501
481 4104 510 4155 et
533 4095 612 4169 505,
645 4094 767 4155 alterurn
797 4094 940 4169 Quintum.
998 4093 1126 4168 Quorum
1157 4089 1194 4149 de
1223 4090 1281 4150 hoc

171 4198 240 4263 nihil
270 4201 401 4279 comperi
425 4210 543 4279 praeter
570 4217 694 4262 nomen:
725 4199 776 4260 ille
806 4209 930 4281 utroque
956 4196 1107 4259 consulatu
1129 4197 1158 4255 in
1180 4196 1280 4258 Sicilia
