2932 4942
608 329 851 400 auurovmu
1176 321 1179 326 ’
1222 326 1284 392 183

172 525 301 594 perae,
322 503 410 594 quod
430 523 612 572 maerorem
633 500 773 570 nutriat!
803 501 894 571 Haec
912 503 1045 572 luerunt
1058 501 1113 595 qui
1128 502 1170 571 ad
1189 502 1284 571 eius-

172 605 246 676 dem
275 605 415 674 nominis
448 604 700 698 grammaticum
733 605 968 694 posteriorem,
1011 606 1106 674 cuius
1137 606 1284 675 notitiam

172 732 258 779 unus
280 709 460 778 Suetonius
487 709 528 778 de
556 731 694 803 gramm.
716 730 744 777 c.
769 717 784 776 1
807 707 955 795 tradidit,
983 711 1107 779 reterre
1126 730 1194 777 non
1217 708 1284 777 du-

171 813 310 883 bitarent

680 911 771 991 LVII
821 937 824 942 ·

274 1030 390 1100 Cicero
407 1031 505 1101 Tusc.
525 1031 609 1122 disp.
629 1030 678 1101 IV
701 1040 752 1117 23,
773 1040 814 1102 52
842 1037 901 1100 ‘an
920 1032 971 1099 est
993 1028 1168 1122 quicquam
1189 1029 1284 1098 simi-

171 1135 235 1203 lius
262 1133 409 1203 insaniae
428 1157 526 1227 quam
548 1135 611 1219 ira,
646 1157 743 1228 quam
768 1136 852 1205 bene
874 1132 1001 1204 Ennius
1021 1133 1185 1202 initium
1202 1132 1285 1201 dixit

169 1236 396 1307 insaniae?’

674 1339 780 1410 LVIII
802 1364 809 1412 1

274 1453 389 1524 Cicero
410 1454 450 1523 de
469 1453 534 1524 diu.
554 1454 582 1523 ll
601 1465 651 1541 54,
678 1464 735 1526 111
766 1463 850 1527 ‘uon
874 1478 950 1527 esse
970 1459 1080 1526 autem
1102 1454 1183 1522 illud
1206 1475 1284 1523 car-

170 1558 405 1627 mensurantis
432 1579 505 1626 cum
536 1556 646 1649 ipsum
670 1563 790 1651 poema
814 1561 959 1630 declarat
982 1561 1047 1651 (est
1068 1559 1154 1627 enim
1175 1558 1283 1648 magis

170 1662 250 1730 artis
279 1663 311 1729 et
337 1660 527 1752 diligentiae
553 1685 652 1754 quam
675 1660 872 1733 incitationis
898 1666 930 1733 et
951 1663 1074 1752 motus)
1104 1665 1173 1729 tum
1201 1683 1282 1729 uero

170 1787 224 1848 ea,
254 1786 339 1856 quae
362 1754 560 1856 ἄκροστιχίς
573 1766 706 1852 dicitur,
734 1789 809 1837 cum
827 1766 983 1858 deinceps
1005 1764 1180 1856 exprimis
1201 1786 1282 1832 uer-

170 1890 266 1937 suum
290 1867 405 1937 litteris
428 1866 551 1960 aliquid
570 1869 766 1956 conectitur,
792 1873 828 1940 ut
845 1871 879 1939 in
896 1868 1091 1964 quibusdam
1106 1866 1281 1937 Ennianis:

171 1970 209 2054 Q.
232 1970 392 2040 ENNIVS
415 1969 560 2041 rnen!
603 1972 665 2062 (sic
686 1974 846 2044 Auratus.
873 1997 977 2066 quae
999 1966 1160 2044 Ennius
1181 1971 1282 2041 lecit

170 2073 319 2167 plerique
341 2074 433 2161 edd,
457 2096 522 2144 om.
542 2074 610 2167 alii)

272 2277 529 2350 Fortunatianus
547 2278 589 2349 de
607 2278 681 2350 dial.
705 2281 855 2378 (auctore
869 2275 1031 2350 Columna
1044 2301 1075 2369 p.
1088 2281 1164 2370 332)
1189 2283 1283 2349 ‘sunt

168 2381 224 2475 qui
246 2384 384 2453 uerbum
406 2407 426 2453 a
446 2405 528 2454 uero
550 2384 682 2478 quidem
703 2387 820 2475 putant
838 2383 977 2472 dictum3
1005 2383 1065 2452 sed
1082 2384 1188 2473 prima
1206 2383 1282 2475 syl-

167 2485 243 2555 laba
271 2488 352 2557 satis
381 2487 613 2559 animaduersa
641 2489 819 2559 secundam
854 2484 989 2580 neglegi
1021 2508 1087 2556 uon
1117 2491 1280 2579 oportere.

168 2588 316 2659 Verbum
340 2591 522 2662 enimcum
550 2592 704 2678 dicimus,
732 2592 900 2684 inquiunt,
929 2590 1035 2682 prima
1057 2590 1129 2659 eius
1151 2590 1282 2682 syllaba

167 2714 283 2761 uerum
308 2694 491 2785 significat,
520 2695 666 2765 secunda
685 2716 815 2765 sonum.
863 2693 936 2763 Hoc
961 2693 1046 2762 euim
1068 2692 1186 2762 uolunt
1205 2715 1281 2763 esse

167 2794 269 2966 Spuri,
310 2795 410 2868 Vnde
443 2797 570 2867 Ennius
606 2820 726 2869 sonum
755 2798 878 2890 pedum
916 2796 1098 2866 bombum
1137 2797 1282 2888 pedum

201 2919 259 2966 xl.

691 3002 751 3073 LX

271 3115 360 3186 Idem
388 3115 550 3188 Columna
572 3141 604 3212 p.
626 3129 689 3192 329
717 3144 760 3191 ex
788 3117 905 3211 ‘antiq.
925 3116 1042 3211 gloss?
1069 3115 1165 3187 affert
1191 3119 1280 3187 tam-

169 3243 267 3314 quam
285 3219 450 3292 Enniana:
478 3221 614 3294 locum
636 3227 670 3294 et
692 3223 862 3318 regredi
882 3221 1095 3316 gressum!
