<?xml version="1.0" encoding="UTF-8"?>
<!DOCTYPE html PUBLIC "-//W3C//DTD XHTML 1.0 Transitional//EN"
    "http://www.w3.org/TR/xhtml1/DTD/xhtml1-transitional.dtd">
<html xmlns="http://www.w3.org/1999/xhtml" xml:lang="en" lang="en">
 <head>
  <title>
</title>
<meta http-equiv="Content-Type" content="text/html;charset=utf-8" />
  <meta name='ocr-system' content='tesseract 3.04.00' />
  <meta name='ocr-capabilities' content='ocr_page ocr_carea ocr_par ocr_line ocrx_word'/>
</head>
<body>
  <div class='ocr_page' id='page_1' title='image "./ennianaepoesisr00ennigoog_0194.png"; bbox 0 0 2932 4942; ppageno 0'>
   <div class='ocr_carea' id='block_1_1' title="bbox 593 331 1271 411">
    <p class='ocr_par' dir='ltr' id='par_1_1' title="bbox 593 331 1271 411">
     <span class='ocr_line' id='line_1_1' title="bbox 593 331 1271 411; baseline -0.004 -12"><span class='ocrx_word' id='word_1_1' title='bbox 593 341 836 411; x_wconf 76' lang='lat' dir='ltr'>uuirovrru</span> <span class='ocrx_word' id='word_1_2' title='bbox 1228 331 1271 396; x_wconf 77' lang='lat'>93</span> 
     </span>
    </p>
   </div>
   <div class='ocr_carea' id='block_1_2' title="bbox 189 507 1272 1327">
    <p class='ocr_par' dir='ltr' id='par_1_2' title="bbox 189 507 1272 1327">
     <span class='ocr_line' id='line_1_2' title="bbox 262 507 1270 608; baseline -0.009 -23"><span class='ocrx_word' id='word_1_3' title='bbox 262 517 411 608; x_wconf 82' lang='lat' dir='ltr'>Namque</span> <span class='ocrx_word' id='word_1_4' title='bbox 426 511 608 602; x_wconf 78' lang='lat' dir='ltr'>Aesculapi</span> <span class='ocrx_word' id='word_1_5' title='bbox 626 511 806 582; x_wconf 88' lang='lat' dir='ltr'>liberorum</span> <span class='ocrx_word' id='word_1_6' title='bbox 825 507 928 577; x_wconf 83' lang='lat' dir='ltr'>saucii</span> <span class='ocrx_word' id='word_1_7' title='bbox 948 509 1084 601; x_wconf 85' lang='lat' dir='ltr'>opplent</span> <span class='ocrx_word' id='word_1_8' title='bbox 1106 509 1270 600; x_wconf 83' lang='lat' dir='ltr'>porticus:</span> 
     </span>
     <span class='ocr_line' id='line_1_3' title="bbox 261 611 1272 710; baseline -0.008 -22"><span class='ocrx_word' id='word_1_9' title='bbox 261 620 334 689; x_wconf 87' lang='lat' dir='ltr'>Nou</span> <span class='ocrx_word' id='word_1_10' title='bbox 359 618 448 710; x_wconf 80' lang='lat' dir='ltr'>potis</span> <span class='ocrx_word' id='word_1_11' title='bbox 474 615 595 686; x_wconf 81' lang='lat' dir='ltr'><strong>accedi.</strong></span> <span class='ocrx_word' id='word_1_12' title='bbox 625 614 697 706; x_wconf 86' lang='lat' dir='ltr'>[Se&#39;t</span> <span class='ocrx_word' id='word_1_13' title='bbox 723 611 874 684; x_wconf 87' lang='lat' dir='ltr'>trementi</span> <span class='ocrx_word' id='word_1_14' title='bbox 896 611 1017 704; x_wconf 78' lang='lat' dir='ltr'>genua</span> <span class='ocrx_word' id='word_1_15' title='bbox 1041 613 1132 682; x_wconf 84' lang='lat' dir='ltr'>lassa</span> <span class='ocrx_word' id='word_1_16' title='bbox 1157 613 1272 683; x_wconf 82' lang='lat' dir='ltr'>conci-</span> 
     </span>
     <span class='ocr_line' id='line_1_4' title="bbox 260 713 1272 939; baseline -0.008 -45"><span class='ocrx_word' id='word_1_17' title='bbox 260 825 375 917; x_wconf 92' lang='lat' dir='ltr'>Neque</span> <span class='ocrx_word' id='word_1_18' title='bbox 402 820 542 918; x_wconf 75' lang='lat' dir='ltr'>stinguis</span> <span class='ocrx_word' id='word_1_19' title='bbox 571 820 640 893; x_wconf 93' lang='lat' dir='ltr'>ullo</span> <span class='ocrx_word' id='word_1_20' title='bbox 668 821 758 912; x_wconf 84' lang='lat' dir='ltr'>pdtis</span> <span class='ocrx_word' id='word_1_21' title='bbox 787 713 960 939; x_wconf 47' lang='lat' dir='ltr'>esdssg&#39;clto</span> <span class='ocrx_word' id='word_1_22' title='bbox 986 818 1157 910; x_wconf 78' lang='lat' dir='ltr'>profluens</span> <span class='ocrx_word' id='word_1_23' title='bbox 1186 839 1272 887; x_wconf 90' lang='lat' dir='ltr'>cou-</span> 
     </span>
     <span class='ocr_line' id='line_1_5' title="bbox 262 924 1272 1140; baseline -0.006 -42"><span class='ocrx_word' id='word_1_24' title='bbox 262 1027 388 1122; x_wconf 86' lang='lat' dir='ltr'>[lteque</span> <span class='ocrx_word' id='word_1_25' title='bbox 411 1028 476 1099; x_wconf 90' lang='lat' dir='ltr'>luic</span> <span class='ocrx_word' id='word_1_26' title='bbox 500 1027 617 1098; x_wconf 91' lang='lat' dir='ltr'>dolore</span> <span class='ocrx_word' id='word_1_27' title='bbox 634 924 1032 1140; x_wconf 45' lang='lat' dir='ltr'>constematsdssfessus</span> <span class='ocrx_word' id='word_1_28' title='bbox 1050 951 1165 1095; x_wconf 80' lang='lat' dir='ltr'>tordos</span> <span class='ocrx_word' id='word_1_29' title='bbox 1186 1023 1272 1095; x_wconf 84' lang='lat' dir='ltr'>cdo-</span> 
     </span>
     <span class='ocr_line' id='line_1_6' title="bbox 189 1128 1225 1327; baseline -0.004 -25"><span class='ocrx_word' id='word_1_30' title='bbox 189 1240 231 1303; x_wconf 77' lang='lat'>20</span> <span class='ocrx_word' id='word_1_31' title='bbox 262 1233 298 1304; x_wconf 91' lang='lat' dir='ltr'>Si</span> <span class='ocrx_word' id='word_1_32' title='bbox 317 1233 376 1327; x_wconf 88' lang='lat' dir='ltr'>qui</span> <span class='ocrx_word' id='word_1_33' title='bbox 390 1231 553 1324; x_wconf 65' lang='lat' dir='ltr'>sapientie</span> <span class='ocrx_word' id='word_1_34' title='bbox 570 1232 680 1325; x_wconf 83' lang='lat' dir='ltr'>magis</span> <span class='ocrx_word' id='word_1_35' title='bbox 699 1128 923 1302; x_wconf 47' lang='grc' dir='ltr'>ιίθεὶηὶῐῗὲἔε</span> <span class='ocrx_word' id='word_1_36' title='bbox 945 1229 1086 1302; x_wconf 83' lang='lat' dir='ltr'>deuitari</span> <span class='ocrx_word' id='word_1_37' title='bbox 1104 1232 1225 1320; x_wconf 86' lang='lat' dir='ltr'>potest.</span> 
     </span>
    </p>
   </div>
   <div class='ocr_carea' id='block_1_3' title="bbox 586 1367 843 1462">
    <p class='ocr_par' dir='ltr' id='par_1_3' title="bbox 586 1367 843 1462">
     <span class='ocr_line' id='line_1_7' title="bbox 586 1367 843 1405; baseline 0 0"><span class='ocrx_word' id='word_1_38' title='bbox 586 1367 602 1405; x_wconf 67' lang='lat' dir='ltr'>’l</span> <span class='ocrx_word' id='word_1_39' title='bbox 827 1367 843 1405; x_wconf 67' lang='lat' dir='ltr'>’l</span> 
     </span>
     <span class='ocr_line' id='line_1_8' title="bbox 705 1424 722 1462; baseline 0 0"><span class='ocrx_word' id='word_1_40' title='bbox 705 1424 722 1462; x_wconf 58' lang='grc' dir='ltr'>’Β</span> 
     </span>
    </p>
   </div>
   <div class='ocr_carea' id='block_1_4' title="bbox 261 1503 1274 1802">
    <p class='ocr_par' dir='ltr' id='par_1_4' title="bbox 261 1503 1274 1802">
     <span class='ocr_line' id='line_1_9' title="bbox 261 1503 1271 1599; baseline -0.002 -23"><span class='ocrx_word' id='word_1_41' title='bbox 261 1559 760 1577; x_wconf 91' lang='grc'><strong>.........</strong></span> <span class='ocrx_word' id='word_1_42' title='bbox 813 1505 869 1599; x_wconf 95' lang='lat' dir='ltr'>qui</span> <span class='ocrx_word' id='word_1_43' title='bbox 892 1505 986 1575; x_wconf 75' lang='lat' dir='ltr'>elteri</span> <span class='ocrx_word' id='word_1_44' title='bbox 1009 1503 1146 1579; x_wconf 83' lang='lat' dir='ltr'>exitium</span> <span class='ocrx_word' id='word_1_45' title='bbox 1167 1508 1271 1596; x_wconf 81' lang='lat' dir='ltr'>perot,</span> 
     </span>
     <span class='ocr_line' id='line_1_10' title="bbox 263 1608 1274 1701; baseline -0.003 -21"><span class='ocrx_word' id='word_1_46' title='bbox 263 1611 347 1680; x_wconf 84' lang='lat' dir='ltr'>Eum</span> <span class='ocrx_word' id='word_1_47' title='bbox 370 1613 455 1681; x_wconf 87' lang='lat' dir='ltr'>scire</span> <span class='ocrx_word' id='word_1_48' title='bbox 475 1613 621 1701; x_wconf 76' lang='lat' dir='ltr'>oportet,</span> <span class='ocrx_word' id='word_1_49' title='bbox 650 1609 711 1679; x_wconf 77' lang='lat' dir='ltr'>soi</span> <span class='ocrx_word' id='word_1_50' title='bbox 730 1612 883 1700; x_wconf 84' lang='lat' dir='ltr'>paratum</span> <span class='ocrx_word' id='word_1_51' title='bbox 903 1608 1030 1699; x_wconf 77' lang='lat' dir='ltr'>pestem</span> <span class='ocrx_word' id='word_1_52' title='bbox 1049 1611 1085 1677; x_wconf 85' lang='lat' dir='ltr'>ut</span> <span class='ocrx_word' id='word_1_53' title='bbox 1101 1609 1274 1699; x_wconf 79' lang='lat' dir='ltr'>participet</span> 
     </span>
     <span class='ocr_line' id='line_1_11' title="bbox 812 1733 947 1802; baseline -0.007 -20"><span class='ocrx_word' id='word_1_54' title='bbox 812 1733 947 1802; x_wconf 81' lang='lat' dir='ltr'>parem.</span> 
     </span>
    </p>
   </div>
   <div class='ocr_carea' id='block_1_5' title="bbox 587 1846 845 1942">
    <p class='ocr_par' dir='ltr' id='par_1_5' title="bbox 587 1846 845 1942">
     <span class='ocr_line' id='line_1_12' title="bbox 587 1846 845 1883; baseline 0 0"><span class='ocrx_word' id='word_1_55' title='bbox 587 1847 603 1883; x_wconf 70' lang='lat' dir='ltr'>tl</span> <span class='ocrx_word' id='word_1_56' title='bbox 828 1846 845 1883; x_wconf 76' lang='lat'>*</span> 
     </span>
     <span class='ocr_line' id='line_1_13' title="bbox 706 1904 724 1942; baseline 0 -8"><span class='ocrx_word' id='word_1_57' title='bbox 706 1904 724 1942; x_wconf 73' lang='grc' dir='ltr'>ιιι</span> 
     </span>
    </p>
   </div>
   <div class='ocr_carea' id='block_1_6' title="bbox 262 1983 1274 2259">
    <p class='ocr_par' dir='ltr' id='par_1_6' title="bbox 262 1983 1274 2259">
     <span class='ocr_line' id='line_1_14' title="bbox 624 1983 808 2055; baseline 0.011 -2"><span class='ocrx_word' id='word_1_58' title='bbox 624 1983 808 2055; x_wconf 79' lang='lat' dir='ltr'>Patricoles</span> 
     </span>
     <span class='ocr_line' id='line_1_15' title="bbox 262 2085 1274 2187; baseline 0.001 -31"><span class='ocrx_word' id='word_1_59' title='bbox 262 2085 429 2182; x_wconf 81' lang='lat' dir='ltr'>Eloquere</span> <span class='ocrx_word' id='word_1_60' title='bbox 458 2087 615 2183; x_wconf 76' lang='lat' dir='ltr'>eloquere</span> <span class='ocrx_word' id='word_1_61' title='bbox 644 2088 699 2158; x_wconf 91' lang='lat' dir='ltr'>re&#39;s</span> <span class='ocrx_word' id='word_1_62' title='bbox 728 2087 894 2187; x_wconf 85' lang='lat' dir='ltr'>Argiuum</span> <span class='ocrx_word' id='word_1_63' title='bbox 924 2085 1052 2177; x_wconf 81' lang='lat' dir='ltr'>proelio</span> <span class='ocrx_word' id='word_1_64' title='bbox 1077 2088 1113 2155; x_wconf 87' lang='lat' dir='ltr'>ut</span> <span class='ocrx_word' id='word_1_65' title='bbox 1134 2109 1171 2156; x_wconf 90' lang='lat' dir='ltr'>se</span> <span class='ocrx_word' id='word_1_66' title='bbox 1191 2088 1274 2157; x_wconf 80' lang='lat' dir='ltr'>siis-</span> 
     </span>
     <span class='ocr_line' id='line_1_16' title="bbox 769 2189 909 2259; baseline 0.014 -4"><span class='ocrx_word' id='word_1_67' title='bbox 769 2245 775 2255; x_wconf 20' lang='grc' dir='ltr'>ἡ</span> <span class='ocrx_word' id='word_1_68' title='bbox 818 2189 909 2259; x_wconf 85' lang='lat' dir='ltr'>tinet.</span> 
     </span>
    </p>
   </div>
   <div class='ocr_carea' id='block_1_7' title="bbox 260 2292 1272 2489">
    <p class='ocr_par' dir='ltr' id='par_1_7' title="bbox 260 2292 1272 2489">
     <span class='ocr_line' id='line_1_17' title="bbox 260 2292 1272 2489; baseline -0.003 -23"><span class='ocrx_word' id='word_1_69' title='bbox 260 2396 335 2466; x_wconf 89' lang='lat' dir='ltr'>Non</span> <span class='ocrx_word' id='word_1_70' title='bbox 347 2393 435 2488; x_wconf 82' lang='lat' dir='ltr'>potis</span> <span class='ocrx_word' id='word_1_71' title='bbox 450 2392 551 2465; x_wconf 84' lang='lat' dir='ltr'>ecleri</span> <span class='ocrx_word' id='word_1_72' title='bbox 566 2292 814 2482; x_wconf 39' lang='lat' dir='ltr'>wltippypiqqqs,</span> <span class='ocrx_word' id='word_1_73' title='bbox 832 2395 991 2489; x_wconf 71' lang='lat' dir='ltr'>quonium</span> <span class='ocrx_word' id='word_1_74' title='bbox 1006 2391 1101 2465; x_wconf 86' lang='lat' dir='ltr'>iactis</span> <span class='ocrx_word' id='word_1_75' title='bbox 1117 2392 1272 2485; x_wconf 83' lang='lat' dir='ltr'>suppetit.</span> 
     </span>
    </p>
   </div>
   <div class='ocr_carea' id='block_1_8' title="bbox 586 2531 872 2627">
    <p class='ocr_par' dir='ltr' id='par_1_8' title="bbox 586 2531 872 2627">
     <span class='ocr_line' id='line_1_18' title="bbox 586 2531 872 2574; baseline -0.003 -6"><span class='ocrx_word' id='word_1_76' title='bbox 586 2531 602 2568; x_wconf 74' lang='lat' dir='ltr'>r</span> <span class='ocrx_word' id='word_1_77' title='bbox 827 2531 844 2567; x_wconf 70' lang='lat' dir='ltr'>e</span> <span class='ocrx_word' id='word_1_78' title='bbox 871 2569 872 2574; x_wconf 8' lang='grc' dir='ltr'>χ</span> 
     </span>
     <span class='ocr_line' id='line_1_19' title="bbox 706 2589 723 2627; baseline 0 0"><span class='ocrx_word' id='word_1_79' title='bbox 706 2589 723 2627; x_wconf 73' lang='lat' dir='ltr'>s</span> 
     </span>
    </p>
   </div>
   <div class='ocr_carea' id='block_1_9' title="bbox 194 2666 1419 2743">
    <p class='ocr_par' dir='ltr' id='par_1_9' title="bbox 194 2666 1419 2743">
     <span class='ocr_line' id='line_1_20' title="bbox 194 2666 1419 2743; baseline 0.002 -2"><span class='ocrx_word' id='word_1_80' title='bbox 194 2678 235 2741; x_wconf 81' lang='lat'>25</span> <span class='ocrx_word' id='word_1_81' title='bbox 262 2667 338 2738; x_wconf 93' lang='lat' dir='ltr'>&#39;Vbi</span> <span class='ocrx_word' id='word_1_82' title='bbox 365 2670 499 2740; x_wconf 83' lang='lat' dir='ltr'>fortuna</span> <span class='ocrx_word' id='word_1_83' title='bbox 516 2669 670 2741; x_wconf 82' lang='lat' dir='ltr'>Hectoris</span> <span class='ocrx_word' id='word_1_84' title='bbox 697 2673 846 2741; x_wconf 83' lang='lat' dir='ltr'>nostram</span> <span class='ocrx_word' id='word_1_85' title='bbox 870 2668 980 2737; x_wconf 83' lang='lat' dir='ltr'>acrem</span> <span class='ocrx_word' id='word_1_86' title='bbox 1005 2666 1107 2737; x_wconf 70' lang='lat' dir='ltr'>eciem</span> <span class='ocrx_word' id='word_1_87' title='bbox 1131 2666 1274 2738; x_wconf 85' lang='lat' dir='ltr'>inclina·</span> <span class='ocrx_word' id='word_1_88' title='bbox 1383 2672 1385 2674; x_wconf 72' lang='grc'><strong>’</strong></span> <span class='ocrx_word' id='word_1_89' title='bbox 1411 2734 1419 2743; x_wconf 57' lang='lat'>„</span> 
     </span>
    </p>
   </div>
   <div class='ocr_carea' id='block_1_10' title="bbox 816 2768 1058 2862">
    <p class='ocr_par' dir='ltr' id='par_1_10' title="bbox 816 2768 1058 2862">
     <span class='ocr_line' id='line_1_21' title="bbox 816 2768 1058 2862; baseline -0.012 -22"><span class='ocrx_word' id='word_1_90' title='bbox 816 2771 883 2840; x_wconf 69' lang='lat' dir='ltr'>torn</span> <span class='ocrx_word' id='word_1_91' title='bbox 906 2768 1018 2862; x_wconf 88' lang='lat' dir='ltr'>[dedit]</span> <span class='ocrx_word' id='word_1_92' title='bbox 1054 2846 1058 2852; x_wconf 52' lang='grc'><em>,</em></span> 
     </span>
    </p>
   </div>
   <div class='ocr_carea' id='block_1_11' title="bbox 158 2967 1298 3529">
    <p class='ocr_par' dir='ltr' id='par_1_11' title="bbox 158 2967 1298 3529">
     <span class='ocr_line' id='line_1_22' title="bbox 159 2967 1272 3037; baseline -0.002 -17"><span class='ocrx_word' id='word_1_93' title='bbox 159 2985 279 3036; x_wconf 78' lang='lat' dir='ltr'>parem.</span> <span class='ocrx_word' id='word_1_94' title='bbox 310 2969 426 3018; x_wconf 81' lang='lat' dir='ltr'>Abducet</span> <span class='ocrx_word' id='word_1_95' title='bbox 440 2971 580 3020; x_wconf 82' lang='lat' dir='ltr'>Patricoles</span> <span class='ocrx_word' id='word_1_96' title='bbox 588 2971 604 3028; x_wconf 88' lang='lat'>‚’</span> <span class='ocrx_word' id='word_1_97' title='bbox 630 2970 683 3034; x_wconf 85' lang='lat' dir='ltr'>(sie</span> <span class='ocrx_word' id='word_1_98' title='bbox 704 2970 769 3021; x_wconf 89' lang='lat' dir='ltr'>Gud.</span> <span class='ocrx_word' id='word_1_99' title='bbox 785 2972 849 3037; x_wconf 78' lang='lat' dir='ltr'>lleg.</span> <span class='ocrx_word' id='word_1_100' title='bbox 871 2969 1043 3020; x_wconf 78' lang='lat' dir='ltr'>Patrocles</span> <span class='ocrx_word' id='word_1_101' title='bbox 1060 2967 1152 3030; x_wconf 86' lang='lat' dir='ltr'>ceteri)</span> <span class='ocrx_word' id='word_1_102' title='bbox 1170 2969 1272 3027; x_wconf 83' lang='lat' dir='ltr'>‘credo‚</span> 
     </span>
     <span class='ocr_line' id='line_1_23' title="bbox 159 3036 1274 3105; baseline -0.002 -17"><span class='ocrx_word' id='word_1_103' title='bbox 159 3049 187 3088; x_wconf 86' lang='lat' dir='ltr'>ut</span> <span class='ocrx_word' id='word_1_104' title='bbox 205 3039 320 3088; x_wconf 89' lang='lat' dir='ltr'>conlocet</span> <span class='ocrx_word' id='word_1_105' title='bbox 339 3038 365 3086; x_wconf 87' lang='lat' dir='ltr'>iu</span> <span class='ocrx_word' id='word_1_106' title='bbox 384 3038 478 3098; x_wconf 82' lang='lat' dir='ltr'>cubili,</span> <span class='ocrx_word' id='word_1_107' title='bbox 498 3046 525 3088; x_wconf 90' lang='lat' dir='ltr'>ut</span> <span class='ocrx_word' id='word_1_108' title='bbox 544 3040 636 3089; x_wconf 85' lang='lat' dir='ltr'>uolnus</span> <span class='ocrx_word' id='word_1_109' title='bbox 657 3039 768 3105; x_wconf 83' lang='lat' dir='ltr'>obliget:</span> <span class='ocrx_word' id='word_1_110' title='bbox 787 3041 809 3089; x_wconf 86' lang='lat' dir='ltr'>si</span> <span class='ocrx_word' id='word_1_111' title='bbox 824 3041 927 3103; x_wconf 86' lang='lat' dir='ltr'>quidem</span> <span class='ocrx_word' id='word_1_112' title='bbox 942 3040 1019 3090; x_wconf 90' lang='lat' dir='ltr'>homo</span> <span class='ocrx_word' id='word_1_113' title='bbox 1033 3045 1109 3088; x_wconf 82' lang='lat' dir='ltr'>esset.</span> <span class='ocrx_word' id='word_1_114' title='bbox 1143 3036 1195 3088; x_wconf 83' lang='lat' dir='ltr'>Sed</span> <span class='ocrx_word' id='word_1_115' title='bbox 1208 3038 1274 3087; x_wconf 88' lang='lat' dir='ltr'>nihil</span> 
     </span>
     <span class='ocr_line' id='line_1_24' title="bbox 159 3106 1274 3173; baseline -0.003 -14"><span class='ocrx_word' id='word_1_116' title='bbox 159 3110 213 3159; x_wconf 93' lang='lat' dir='ltr'>uidi</span> <span class='ocrx_word' id='word_1_117' title='bbox 227 3109 320 3157; x_wconf 86' lang='lat' dir='ltr'>miuus.</span> <span class='ocrx_word' id='word_1_118' title='bbox 348 3106 451 3165; x_wconf 79' lang='lat' dir='ltr'>Quaerit</span> <span class='ocrx_word' id='word_1_119' title='bbox 467 3110 536 3158; x_wconf 87' lang='lat' dir='ltr'>euim</span> <span class='ocrx_word' id='word_1_120' title='bbox 549 3109 611 3173; x_wconf 92' lang='lat' dir='ltr'>quid</span> <span class='ocrx_word' id='word_1_121' title='bbox 627 3117 710 3158; x_wconf 83' lang='lat' dir='ltr'>ectum</span> <span class='ocrx_word' id='word_1_122' title='bbox 725 3110 773 3158; x_wconf 88' lang='lat' dir='ltr'>sit:</span> <span class='ocrx_word' id='word_1_123' title='bbox 794 3109 951 3172; x_wconf 86' lang='lat' dir='ltr'>eloquere</span> <span class='ocrx_word' id='word_1_124' title='bbox 1025 3108 1188 3172; x_wconf 81' lang='lat' dir='ltr'>suppetit.</span> <span class='ocrx_word' id='word_1_125' title='bbox 1224 3107 1274 3157; x_wconf 86' lang='lat' dir='ltr'>Le-</span> 
     </span>
     <span class='ocr_line' id='line_1_25' title="bbox 159 3175 1272 3245; baseline -0.004 -17"><span class='ocrx_word' id='word_1_126' title='bbox 159 3179 254 3229; x_wconf 81' lang='lat' dir='ltr'>berist’</span> <span class='ocrx_word' id='word_1_127' title='bbox 281 3177 335 3240; x_wconf 87' lang='lat' dir='ltr'>(sic</span> <span class='ocrx_word' id='word_1_128' title='bbox 351 3177 491 3228; x_wconf 88' lang='lat' dir='ltr'>Beutleius.</span> <span class='ocrx_word' id='word_1_129' title='bbox 517 3177 644 3228; x_wconf 81' lang='lat' dir='ltr'>laboris</span> <span class='ocrx_word' id='word_1_130' title='bbox 667 3177 741 3242; x_wconf 88' lang='lat' dir='ltr'>libri)</span> <span class='ocrx_word' id='word_1_131' title='bbox 772 3180 893 3242; x_wconf 86' lang='lat' dir='ltr'>‘quiesce</span> <span class='ocrx_word' id='word_1_132' title='bbox 915 3180 993 3245; x_wconf 78' lang='lat' dir='ltr'>igitur</span> <span class='ocrx_word' id='word_1_133' title='bbox 1016 3186 1043 3228; x_wconf 74' lang='lat' dir='ltr'>ee</span> <span class='ocrx_word' id='word_1_134' title='bbox 1066 3176 1159 3225; x_wconf 86' lang='lat' dir='ltr'>uolnus</span> <span class='ocrx_word' id='word_1_135' title='bbox 1184 3175 1272 3242; x_wconf 73' lang='lat' dir='ltr'>alliga.</span> 
     </span>
     <span class='ocr_line' id='line_1_26' title="bbox 159 3246 1272 3314; baseline -0.002 -17"><span class='ocrx_word' id='word_1_136' title='bbox 159 3249 242 3298; x_wconf 82' lang='lat' dir='ltr'>lttiem</span> <span class='ocrx_word' id='word_1_137' title='bbox 260 3248 284 3296; x_wconf 92' lang='lat' dir='ltr'>si</span> <span class='ocrx_word' id='word_1_138' title='bbox 297 3246 444 3311; x_wconf 69' lang='lat' dir='ltr'>Eurypylus</span> <span class='ocrx_word' id='word_1_139' title='bbox 463 3255 566 3314; x_wconf 83' lang='lat' dir='ltr'>posset,</span> <span class='ocrx_word' id='word_1_140' title='bbox 591 3262 642 3298; x_wconf 90' lang='lat' dir='ltr'>non</span> <span class='ocrx_word' id='word_1_141' title='bbox 661 3256 750 3313; x_wconf 88' lang='lat' dir='ltr'>posset</span> <span class='ocrx_word' id='word_1_142' title='bbox 763 3249 896 3313; x_wconf 83' lang='lat' dir='ltr'>Aesopus:</span> <span class='ocrx_word' id='word_1_143' title='bbox 923 3249 980 3298; x_wconf 86' lang='lat' dir='ltr'>ubi</span> <span class='ocrx_word' id='word_1_144' title='bbox 1001 3246 1147 3297; x_wconf 78' lang='lat' dir='ltr'>fortuna’</span> <span class='ocrx_word' id='word_1_145' title='bbox 1168 3263 1191 3296; x_wconf 88' lang='lat' dir='ltr'>e.</span> <span class='ocrx_word' id='word_1_146' title='bbox 1209 3262 1234 3308; x_wconf 90' lang='lat' dir='ltr'>q.</span> <span class='ocrx_word' id='word_1_147' title='bbox 1250 3262 1272 3295; x_wconf 87' lang='lat' dir='ltr'>s.</span> 
     </span>
     <span class='ocr_line' id='line_1_27' title="bbox 159 3316 1272 3381; baseline -0.001 -15"><span class='ocrx_word' id='word_1_148' title='bbox 159 3323 198 3366; x_wconf 87' lang='lat' dir='ltr'>‘et</span> <span class='ocrx_word' id='word_1_149' title='bbox 212 3324 296 3367; x_wconf 80' lang='lat' dir='ltr'>cetera</span> <span class='ocrx_word' id='word_1_150' title='bbox 316 3316 429 3381; x_wconf 81' lang='lat' dir='ltr'>explicet</span> <span class='ocrx_word' id='word_1_151' title='bbox 448 3319 475 3367; x_wconf 89' lang='lat' dir='ltr'>iu</span> <span class='ocrx_word' id='word_1_152' title='bbox 490 3317 597 3368; x_wconf 88' lang='lat' dir='ltr'>dolore.&#39;</span> <span class='ocrx_word' id='word_1_153' title='bbox 630 3318 700 3367; x_wconf 89' lang='lat' dir='ltr'>Idem</span> <span class='ocrx_word' id='word_1_154' title='bbox 713 3316 783 3369; x_wconf 83' lang='lat' dir='ltr'>Oret.</span> <span class='ocrx_word' id='word_1_155' title='bbox 798 3318 842 3378; x_wconf 77' lang='lat'>46,</span> <span class='ocrx_word' id='word_1_156' title='bbox 858 3319 908 3369; x_wconf 76' lang='lat'>155</span> <span class='ocrx_word' id='word_1_157' title='bbox 934 3319 1033 3380; x_wconf 84' lang='lat' dir='ltr'>‘ituque</span> <span class='ocrx_word' id='word_1_158' title='bbox 1054 3316 1138 3366; x_wconf 89' lang='lat' dir='ltr'>idem</span> <span class='ocrx_word' id='word_1_159' title='bbox 1158 3319 1272 3381; x_wconf 73' lang='lat' dir='ltr'>poete,</span> 
     </span>
     <span class='ocr_line' id='line_1_28' title="bbox 159 3387 1273 3455; baseline 0 -19"><span class='ocrx_word' id='word_1_160' title='bbox 159 3389 202 3451; x_wconf 91' lang='lat' dir='ltr'>qui</span> <span class='ocrx_word' id='word_1_161' title='bbox 220 3387 367 3437; x_wconf 82' lang='lat' dir='ltr'>inusitatius</span> <span class='ocrx_word' id='word_1_162' title='bbox 388 3395 561 3438; x_wconf 77' lang='lat' dir='ltr'>contruxerat:</span> <span class='ocrx_word' id='word_1_163' title='bbox 581 3389 662 3453; x_wconf 85' lang='lat' dir='ltr'>patris</span> <span class='ocrx_word' id='word_1_164' title='bbox 683 3389 734 3437; x_wconf 89' lang='lat' dir='ltr'>mei</span> <span class='ocrx_word' id='word_1_165' title='bbox 751 3403 836 3438; x_wconf 87' lang='lat' dir='ltr'>meum</span> <span class='ocrx_word' id='word_1_166' title='bbox 856 3387 950 3438; x_wconf 83' lang='lat' dir='ltr'>lectum</span> <span class='ocrx_word' id='word_1_167' title='bbox 963 3388 1058 3455; x_wconf 85' lang='lat' dir='ltr'>pudet,</span> <span class='ocrx_word' id='word_1_168' title='bbox 1078 3399 1139 3452; x_wconf 91' lang='lat' dir='ltr'>pro:</span> <span class='ocrx_word' id='word_1_169' title='bbox 1158 3400 1273 3437; x_wconf 88' lang='lat' dir='ltr'>meorum</span> 
     </span>
     <span class='ocr_line' id='line_1_29' title="bbox 158 3457 1298 3529; baseline 0 -23"><span class='ocrx_word' id='word_1_170' title='bbox 158 3458 299 3516; x_wconf 81' lang='lat' dir='ltr'>lectorum,</span> <span class='ocrx_word' id='word_1_171' title='bbox 320 3462 359 3506; x_wconf 87' lang='lat' dir='ltr'>et:</span> <span class='ocrx_word' id='word_1_172' title='bbox 384 3459 494 3519; x_wconf 86' lang='lat' dir='ltr'>texitur,</span> <span class='ocrx_word' id='word_1_173' title='bbox 514 3459 622 3513; x_wconf 83' lang='lat' dir='ltr'>exitium</span> <span class='ocrx_word' id='word_1_174' title='bbox 643 3472 751 3508; x_wconf 74' lang='lat' dir='ltr'>examen</span> <span class='ocrx_word' id='word_1_175' title='bbox 772 3459 854 3523; x_wconf 83' lang='lat' dir='ltr'>repit,</span> <span class='ocrx_word' id='word_1_176' title='bbox 874 3473 935 3524; x_wconf 92' lang='lat' dir='ltr'>pro:</span> <span class='ocrx_word' id='word_1_177' title='bbox 956 3459 1107 3517; x_wconf 83' lang='lat' dir='ltr'>exitiouuu,</span> <span class='ocrx_word' id='word_1_178' title='bbox 1125 3470 1176 3505; x_wconf 89' lang='lat' dir='ltr'>non</span> <span class='ocrx_word' id='word_1_179' title='bbox 1196 3457 1271 3507; x_wconf 89' lang='lat' dir='ltr'>dicit:</span> <span class='ocrx_word' id='word_1_180' title='bbox 1290 3523 1298 3529; x_wconf 21' lang='grc' dir='ltr'>η</span> 
     </span>
    </p>
   </div>
   <div class='ocr_carea' id='block_1_12' title="bbox 97 3663 1273 4322">
    <p class='ocr_par' dir='ltr' id='par_1_12' title="bbox 97 3663 1273 4247">
     <span class='ocr_line' id='line_1_30' title="bbox 202 3663 1272 3739; baseline -0.004 -15"><span class='ocrx_word' id='word_1_181' title='bbox 202 3668 236 3724; x_wconf 85' lang='grc'>16</span> <span class='ocrx_word' id='word_1_182' title='bbox 257 3679 380 3735; x_wconf 88' lang='lat' dir='ltr'>namque</span> <span class='ocrx_word' id='word_1_183' title='bbox 395 3663 460 3720; x_wconf 74' lang='lat' dir='ltr'>libri</span> <span class='ocrx_word' id='word_1_184' title='bbox 468 3666 606 3739; x_wconf 72' lang='lat' dir='ltr'>plerique.</span> <span class='ocrx_word' id='word_1_185' title='bbox 629 3683 694 3723; x_wconf 83' lang='lat' dir='ltr'>uam</span> <span class='ocrx_word' id='word_1_186' title='bbox 714 3667 774 3722; x_wconf 87' lang='lat' dir='ltr'>cod.</span> <span class='ocrx_word' id='word_1_187' title='bbox 790 3665 901 3723; x_wconf 69' lang='lat' dir='ltr'>Danasti</span> <span class='ocrx_word' id='word_1_188' title='bbox 1002 3669 1035 3726; x_wconf 87' lang='grc'>17</span> <span class='ocrx_word' id='word_1_189' title='bbox 1056 3666 1131 3738; x_wconf 86' lang='lat' dir='ltr'>potis</span> <span class='ocrx_word' id='word_1_190' title='bbox 1146 3663 1272 3722; x_wconf 76' lang='lat' dir='ltr'>Bothiuc.</span> 
     </span>
     <span class='ocr_line' id='line_1_31' title="bbox 157 3749 1170 3824; baseline 0.002 -20"><span class='ocrx_word' id='word_1_191' title='bbox 157 3756 249 3822; x_wconf 89' lang='lat' dir='ltr'>potest</span> <span class='ocrx_word' id='word_1_192' title='bbox 264 3749 328 3806; x_wconf 63' lang='lat' dir='ltr'>tetri</span> <span class='ocrx_word' id='word_1_193' title='bbox 431 3754 466 3810; x_wconf 89' lang='lat'>18</span> <span class='ocrx_word' id='word_1_194' title='bbox 487 3767 579 3823; x_wconf 89' lang='lat' dir='ltr'>neque</span> <span class='ocrx_word' id='word_1_195' title='bbox 595 3752 659 3807; x_wconf 75' lang='lat' dir='ltr'>libri</span> <span class='ocrx_word' id='word_1_196' title='bbox 663 3753 801 3824; x_wconf 81' lang='lat' dir='ltr'>plerique.</span> <span class='ocrx_word' id='word_1_197' title='bbox 824 3769 876 3808; x_wconf 88' lang='lat' dir='ltr'>nee</span> <span class='ocrx_word' id='word_1_198' title='bbox 895 3766 969 3808; x_wconf 81' lang='lat' dir='ltr'>unus</span> <span class='ocrx_word' id='word_1_199' title='bbox 983 3753 1043 3809; x_wconf 84' lang='lat' dir='ltr'>cod.</span> <span class='ocrx_word' id='word_1_200' title='bbox 1058 3750 1170 3807; x_wconf 66' lang='lat' dir='ltr'>Bourtii</span> 
     </span>
     <span class='ocr_line' id='line_1_32' title="bbox 156 3831 1271 3910; baseline -0.006 -15"><span class='ocrx_word' id='word_1_201' title='bbox 156 3843 192 3895; x_wconf 72' lang='lat'>20</span> <span class='ocrx_word' id='word_1_202' title='bbox 214 3835 299 3906; x_wconf 92' lang='lat' dir='ltr'>siqui</span> <span class='ocrx_word' id='word_1_203' title='bbox 316 3834 387 3890; x_wconf 83' lang='lat' dir='ltr'>Gud.</span> <span class='ocrx_word' id='word_1_204' title='bbox 405 3834 475 3907; x_wconf 67' lang='grc' dir='ltr'>Περ.</span> <span class='ocrx_word' id='word_1_205' title='bbox 492 3836 581 3892; x_wconf 80' lang='lat' dir='ltr'>Bem.</span> <span class='ocrx_word' id='word_1_206' title='bbox 604 3835 666 3892; x_wconf 68' lang='lat' dir='ltr'>Vae.</span> <span class='ocrx_word' id='word_1_207' title='bbox 687 3837 710 3892; x_wconf 94' lang='lat' dir='ltr'>si</span> <span class='ocrx_word' id='word_1_208' title='bbox 733 3852 788 3907; x_wconf 87' lang='lat' dir='ltr'>qua</span> <span class='ocrx_word' id='word_1_209' title='bbox 802 3837 881 3897; x_wconf 79' lang='lat' dir='ltr'>codd.</span> <span class='ocrx_word' id='word_1_210' title='bbox 896 3839 961 3910; x_wconf 77' lang='lat' dir='ltr'>aliq.</span> <span class='ocrx_word' id='word_1_211' title='bbox 978 3853 1029 3893; x_wconf 89' lang='lat' dir='ltr'>seu</span> <span class='ocrx_word' id='word_1_212' title='bbox 1043 3848 1116 3891; x_wconf 74' lang='lat' dir='ltr'>unus</span> <span class='ocrx_word' id='word_1_213' title='bbox 1134 3835 1195 3890; x_wconf 87' lang='lat' dir='ltr'>cod.</span> <span class='ocrx_word' id='word_1_214' title='bbox 1211 3831 1271 3888; x_wconf 80' lang='lat' dir='ltr'>Da-</span> 
     </span>
     <span class='ocr_line' id='line_1_33' title="bbox 156 3919 1273 3992; baseline -0.004 -16"><span class='ocrx_word' id='word_1_215' title='bbox 156 3923 221 3976; x_wconf 78' lang='lat' dir='ltr'>ur&#39;er&#39;r&#39;</span> <span class='ocrx_word' id='word_1_216' title='bbox 324 3925 510 3990; x_wconf 66' lang='lat' dir='ltr'>reparatum</span> <span class='ocrx_word' id='word_1_217' title='bbox 525 3921 675 3977; x_wconf 79' lang='lat' dir='ltr'>Bentleius.</span> <span class='ocrx_word' id='word_1_218' title='bbox 692 3927 819 3992; x_wconf 83' lang='lat' dir='ltr'>paratam</span> <span class='ocrx_word' id='word_1_219' title='bbox 835 3922 900 3978; x_wconf 80' lang='lat' dir='ltr'>libri</span> <span class='ocrx_word' id='word_1_220' title='bbox 1003 3926 1039 3979; x_wconf 70' lang='lat'>23</span> <span class='ocrx_word' id='word_1_221' title='bbox 1061 3920 1194 3989; x_wconf 89' lang='lat' dir='ltr'>eloquere</span> <span class='ocrx_word' id='word_1_222' title='bbox 1215 3919 1273 3972; x_wconf 92' lang='lat' dir='ltr'>elo·</span> 
     </span>
     <span class='ocr_line' id='line_1_34' title="bbox 157 4003 1271 4077; baseline -0.005 -17"><span class='ocrx_word' id='word_1_223' title='bbox 157 4022 245 4077; x_wconf 87' lang='lat' dir='ltr'>quere</span> <span class='ocrx_word' id='word_1_224' title='bbox 260 4005 331 4062; x_wconf 62' lang='grc' dir='ltr'><strong><em>διαὶ.</em></strong></span> <span class='ocrx_word' id='word_1_225' title='bbox 348 4006 490 4076; x_wconf 87' lang='lat' dir='ltr'>eloquere,</span> <span class='ocrx_word' id='word_1_226' title='bbox 509 4007 607 4073; x_wconf 67' lang='lat' dir='ltr'>renel,</span> <span class='ocrx_word' id='word_1_227' title='bbox 623 4009 709 4062; x_wconf 76' lang='lat' dir='ltr'>ceteri</span> <span class='ocrx_word' id='word_1_228' title='bbox 729 4067 733 4074; x_wconf 61' lang='grc'>,</span> <span class='ocrx_word' id='word_1_229' title='bbox 813 4012 849 4064; x_wconf 78' lang='lat'>24</span> <span class='ocrx_word' id='word_1_230' title='bbox 863 4024 919 4062; x_wconf 89' lang='lat' dir='ltr'>nou</span> <span class='ocrx_word' id='word_1_231' title='bbox 934 4007 1008 4076; x_wconf 89' lang='lat' dir='ltr'>potis</span> <span class='ocrx_word' id='word_1_232' title='bbox 1026 4004 1113 4059; x_wconf 81' lang='lat' dir='ltr'>ecfari</span> <span class='ocrx_word' id='word_1_233' title='bbox 1128 4003 1271 4057; x_wconf 76' lang='lat' dir='ltr'>Darrisiue.</span> 
     </span>
     <span class='ocr_line' id='line_1_35' title="bbox 158 4085 1272 4161; baseline -0.004 -19"><span class='ocrx_word' id='word_1_234' title='bbox 158 4105 214 4144; x_wconf 86' lang='lat' dir='ltr'>uon</span> <span class='ocrx_word' id='word_1_235' title='bbox 228 4095 320 4160; x_wconf 82' lang='lat' dir='ltr'>potest</span> <span class='ocrx_word' id='word_1_236' title='bbox 334 4088 406 4144; x_wconf 85' lang='lat' dir='ltr'>hoec</span> <span class='ocrx_word' id='word_1_237' title='bbox 422 4090 472 4144; x_wconf 84' lang='lat' dir='ltr'>lori</span> <span class='ocrx_word' id='word_1_238' title='bbox 488 4089 558 4145; x_wconf 63' lang='lat' dir='ltr'>ton.</span> <span class='ocrx_word' id='word_1_239' title='bbox 573 4106 630 4145; x_wconf 89' lang='lat' dir='ltr'>non</span> <span class='ocrx_word' id='word_1_240' title='bbox 644 4095 736 4161; x_wconf 90' lang='lat' dir='ltr'>potest</span> <span class='ocrx_word' id='word_1_241' title='bbox 749 4092 838 4146; x_wconf 79' lang='lat' dir='ltr'>ecfari</span> <span class='ocrx_word' id='word_1_242' title='bbox 857 4090 1017 4147; x_wconf 77' lang='lat' dir='ltr'>Victoriana</span> <span class='ocrx_word' id='word_1_243' title='bbox 1122 4091 1157 4144; x_wconf 75' lang='lat' dir='ltr'>to</span> <span class='ocrx_word' id='word_1_244' title='bbox 1171 4085 1272 4139; x_wconf 88' lang='lat' dir='ltr'>Hecto-</span> 
     </span>
     <span class='ocr_line' id='line_1_36' title="bbox 97 4167 1272 4247; baseline -0.003 -21"><span class='ocrx_word' id='word_1_245' title='bbox 97 4243 100 4247; x_wconf 69' lang='lat'><em>,</em></span> <span class='ocrx_word' id='word_1_246' title='bbox 157 4173 209 4240; x_wconf 87' lang='lat' dir='ltr'>ris]</span> <span class='ocrx_word' id='word_1_247' title='bbox 238 4173 278 4244; x_wconf 77' lang='lat' dir='ltr'>cf.</span> <span class='ocrx_word' id='word_1_248' title='bbox 299 4173 512 4230; x_wconf 78' lang='lat' dir='ltr'>Andromachae</span> <span class='ocrx_word' id='word_1_249' title='bbox 529 4174 573 4245; x_wconf 74' lang='lat' dir='ltr'>fr.</span> <span class='ocrx_word' id='word_1_250' title='bbox 590 4174 657 4231; x_wconf 84' lang='lat' dir='ltr'>XII</span> <span class='ocrx_word' id='word_1_251' title='bbox 739 4191 833 4230; x_wconf 82' lang='lat' dir='ltr'>ocrem</span> <span class='ocrx_word' id='word_1_252' title='bbox 861 4190 912 4228; x_wconf 88' lang='lat' dir='ltr'>om.</span> <span class='ocrx_word' id='word_1_253' title='bbox 934 4173 988 4228; x_wconf 84' lang='lat' dir='ltr'>duo</span> <span class='ocrx_word' id='word_1_254' title='bbox 1017 4170 1106 4227; x_wconf 79' lang='lat' dir='ltr'>Oxou.</span> <span class='ocrx_word' id='word_1_255' title='bbox 1194 4167 1272 4225; x_wconf 85' lang='lat' dir='ltr'>dedit</span> 
     </span>
    </p>

    <p class='ocr_par' dir='ltr' id='par_1_13' title="bbox 161 4250 788 4322">
     <span class='ocr_line' id='line_1_37' title="bbox 161 4250 788 4322; baseline 0.006 -14"><span class='ocrx_word' id='word_1_256' title='bbox 161 4254 192 4309; x_wconf 87' lang='lat'>0.</span> <span class='ocrx_word' id='word_1_257' title='bbox 209 4254 387 4322; x_wconf 61' lang='lat' dir='ltr'>Rebeccae,</span> <span class='ocrx_word' id='word_1_258' title='bbox 410 4273 464 4312; x_wconf 89' lang='lat' dir='ltr'>om.</span> <span class='ocrx_word' id='word_1_259' title='bbox 477 4257 543 4312; x_wconf 79' lang='lat' dir='ltr'>libri</span> <span class='ocrx_word' id='word_1_260' title='bbox 785 4250 788 4256; x_wconf 74' lang='grc'><strong>’</strong></span> 
     </span>
    </p>
   </div>
   <div class='ocr_carea' id='block_1_13' title="bbox 0 0 1470 4942">
    <p class='ocr_par' dir='ltr' id='par_1_14' title="bbox 0 0 1470 4942">
     <span class='ocr_line' id='line_1_38' title="bbox 0 0 1470 4942; baseline 0 2"><span class='ocrx_word' id='word_1_261' title='bbox 0 0 1470 4942; x_wconf 95' lang='lat' dir='ltr'> </span> 
     </span>
    </p>
   </div>
  </div>
 </body>
</html>
