2932 4942
645 340 877 397 ANNALIVM

740 506 789 576 tv

311 628 424 696 Nanus
451 631 603 718 repertus
626 626 725 695 homo
749 625 851 699 Graio
872 630 966 717 patre
989 626 1108 696 Graius
1137 626 1237 697 bomo
1261 652 1321 699 rex

731 760 766 831 V
780 762 796 799 4

311 882 449 951 Nomine
463 881 592 950 Burrus
611 883 658 951 uti
682 887 864 952 memorant
884 904 906 950 a
923 882 1026 973 stirpe
1048 903 1215 974 supremo.

736 1018 785 1088 Vl

222 1146 281 1207 185
308 1136 399 1204 littus
420 1134 451 1204 in
471 1138 601 1233 occulto
621 1139 814 1209 mussabant
866 1191 875 1207 .
929 1191 937 1206 .
992 1190 1000 1206 .
1054 1190 1062 1206 .

718 1274 780 1344 Vll
796 1275 811 1311 *

309 1392 374 1460 Aio
396 1396 429 1460 te
451 1392 599 1462 Aeacida
618 1393 787 1465 Romanos
809 1395 941 1463 uincere
960 1411 1072 1481 posse.

206 1592 246 1660 (h.
263 1608 286 1641 e.
301 1593 327 1641 iu
341 1591 416 1640 lautis
432 1591 540 1657 carinis)
559 1594 663 1644 ‘Sabini
680 1597 778 1647 nobiles
791 1594 976 1652 habitauerint,
992 1605 1099 1654 quornm
1114 1603 1196 1655 genus
1209 1589 1316 1637 irridere

205 1672 230 1712 et
243 1662 357 1711 carinare
370 1661 477 1711 solebat.
506 1662 626 1713 Carinare
639 1675 723 1716 autern
736 1676 775 1716 est
788 1667 937 1715 obtrectare,
967 1662 1076 1711 Ennius:
1099 1660 1198 1708 contra·
1214 1675 1237 1706 e.
1252 1675 1276 1720 q.
1293 1675 1315 1706 s.

205 1733 298 1781 Paulus
312 1733 380 1781 Festi
399 1733 516 1797 ptati.
544 1736 766 1797 ‘carinantes,
790 1737 884 1803 probra
904 1734 1076 1790 obiectantes,
1100 1746 1115 1778 a
1138 1729 1224 1777 carina
1244 1727 1316 1786 tlicti,

205 1816 270 1865 quae
284 1808 321 1850 est
335 1800 421 1849 intima
435 1816 496 1867 pars
511 1805 600 1864 nauis3
620 1806 657 1854 sio
671 1806 710 1855 illi
724 1806 800 1855 sortis
814 1803 936 1855 intimae!
966 1800 1073 1851 Glossae
1087 1799 1192 1847 Isidori:
1213 1799 1316 1845 ‘eari-

205 1879 333 1934 nantes‚
360 1871 521 1921 inludentes'
559 1876 615 1922 Vet.
636 1876 720 1925 tiloss.
744 1876 790 1942 (A.
810 1875 861 1924 Mai
886 1881 952 1922 auct.
974 1871 1051 1919 class.
1074 1870 1108 1918 Vl
1124 1866 1191 1931 530)
1210 1867 1316 1915 ‘kari-

205 1949 335 1999 nantes,
348 1941 500 2000 inludentes,
517 1943 672 1994 inridentes'
692 1944 732 1994 Cl.
744 1947 775 1995 A.
788 1944 865 1994 Maii.
877 1945 893 1993 1.
905 1941 1013 1992 1111565
1029 1941 1065 1989 lle
1081 1939 1233 1986 carinare
1244 1938 1316 1986 uocis

205 2028 270 2074 quae
285 2020 323 2059 est
335 2026 350 2058 a
367 2012 507 2060 carendo
524 2013 633 2062 deducta
648 2030 706 2063 cum
721 2014 831 2063 carina
845 2013 995 2078 cognatione
1009 2010 1108 2058 somnia
1119 2023 1176 2056 esse
1188 2021 1315 2071 gramma-

204 2084 310 2130 ticorum
326 2079 468 2128 Salmasius
483 2081 608 2130 intellexit
624 2085 716 2133 Exere.
735 2085 801 2133 Plin.
817 2099 843 2149 p.
855 2081 943 2141 283‚2
1014 2081 1047 2127 lV
1068 2078 1157 2126 Festus
1177 2092 1203 2140 p.
1219 2075 1313 2126 15911.

206 2155 335 2208 ‘nauus,
351 2149 418 2199 celer
427 2165 457 2198 aa
466 2159 593 2210 strennus,
606 2166 621 2199 a
632 2155 735 2201 nauium
744 2153 880 2202 uelocitate
890 2151 993 2200 uidetur
1002 2150 1093 2198 dietus.
1105 2147 1202 2196 Ennius
1213 2145 1313 2193 1.1”1...Ι

274 2221 295 2268 i'
317 2219 413 2267 Nonius
426 2235 452 2283 p.
464 2218 565 2279 aalma
580 2223 729 2287 ‘stirpem
743 2223 844 2287 generis
858 2219 975 2271 feminini
989 2255 996 2268 .
1008 2255 1014 2267 .
1025 2254 1047 2267 ..
1064 2215 1205 2265 masculino
1219 2215 1315 2263 Enuius

203 2287 333 2338 annalium
342 2287 417 2336 lib.V
430 2289 483 2336 ...¹
512 2290 540 2337 ln
553 2298 626 2340 sexto
639 2293 754 2356 reposuit
763 2291 868 2340 Merula.
895 2291 984 2339 Festus
997 2304 1024 2353 p.
1033 2285 1125 2338 stant.
1143 2287 1200 2334 ‘sti
1210 2284 1315 2348 [rpem

203 2360 229 2408 in
248 2357 388 2406 masculino
407 2356 513 2422 genepe
532 2360 631 2422 antiqui
650 2360 823 2427 [usurparunt]
841 2389 874 2398 -
887 2387 921 2396 -
936 2357 1044 2424 [Ennius
1064 2353 1177 2420 annal.]:
1200 2354 1314 2402 nomine'

203 2446 227 2477 e.
242 2443 268 2489 q.
282 2442 304 2476 s.
339 2427 410 2476 ltlcm
425 2443 452 2492 p.
464 2427 515 2479 286
524 2428 558 2479 tt.
581 2431 715 2494 ‘antiquae
729 2431 757 2480 id
770 2430 962 2480 consuetudinis
978 2428 1039 2487 luit,
1059 2434 1086 2475 ut
1099 2440 1158 2474 cum
1170 2425 1205 2473 ait
1218 2424 1314 2472 Ennius

204 2511 319 2560 tlu⁰tl¹¹e²
343 2496 452 2561 While
472 2500 610 2562 ttriplamo!
682 2501 717 2550 Vl
736 2500 826 2549 Festus
840 2516 866 2565 p.
880 2498 932 2549 298
946 2497 980 2547 M.
1003 2492 1229 2562 ‘[summn]ssi
1244 2493 1313 2541 dice-

203 2566 294 2617 bantur
315 2565 534 2633 [murmuratorcs]
551 2605 574 2617 ..
600 2567 713 2619 Naeuius
802 2570 901 2621 Ennius
914 2569 940 2617 in
956 2576 1030 2617 sexto
1047 2564 1202 2631 [annaliumz
1220 2560 1312 2627 i]ntus’

202 2653 225 2686 e.
243 2652 267 2699 q.
283 2652 305 2685 s.
327 2636 422 2686 Paulus
440 2652 466 2701 p.
492 2637 542 2687 144
559 2637 593 2687 Μ.
618 2643 796 2699 ‘mussare‚
822 2653 988 2688 murmurare.
1026 2635 1137 2686 Ennius:
1168 2634 1194 2682 in
1214 2632 1313 2682 occulto

202 2706 369 2755 mussabant’
442 2707 488 2756 Vll
507 2707 712 2759 Gieerodediu.
728 2707 809 2770 1156,
829 2707 878 2760 tto
904 2712 982 2756 ‘num
996 2706 1081 2754 minus
1095 2703 1153 2753 ille’
1167 2703 1313 2769 (sc.llero-

97 2824 101 2831 ,
202 2773 291 2839 dotus)
315 2775 413 2840 ‘potuit
432 2776 465 2825 de
478 2775 571 2826 Croeso
589 2794 665 2840 quam
685 2779 717 2828 de
734 2778 831 2843 Pyrrho
851 2776 947 2842 fingere
966 2775 1081 2825 Ennius?
1105 2772 1168 2831 Quis
1186 2772 1254 2821 enim
1275 2780 1313 2821 est

201 2847 246 2907 qui
265 2847 352 2896 credat
364 2845 494 2910 Apollinis
514 2862 546 2896 ex
559 2849 662 2897 oraculo
676 2848 773 2913 Pyrrho
794 2863 851 2897 esse
872 2859 1037 2911 responsum:
1057 2844 1110 2893 aio'
1126 2858 1150 2892 e.
1167 2858 1192 2904 q.
1206 2857 1228 2890 s.
1260 2843 1312 2890 Au-

200 2916 279 2966 relius
295 2917 382 2966 Victor
398 2915 430 2965 de
441 2916 490 2964 uir.
506 2916 543 2965 ill.
559 2933 582 2966 c.
594 2918 629 2969 35
643 2918 770 2984 ‘Pyrrhus
787 2932 834 2967 rex
846 2917 1009 2982 Epirotarum
1102 2927 1160 2961 eum
1176 2912 1313 2976 imperium

200 2986 270 3036 orbis
288 2988 395 3052 agitaret
414 2994 438 3034 et
450 2986 579 3036 Romanos
598 2996 714 3053 potentes
733 2988 847 3047 uideret,
872 2986 1019 3050 Apollinem
1035 2985 1068 3034 de
1086 2981 1155 3032 bello
1174 2981 1310 3031 consuluit.

201 3055 248 3106 llle
260 3056 381 3123 ambigue
394 3057 538 3120 respondit:
555 3058 612 3106 aia'
628 3074 651 3108 e.
669 3074 694 3120 q.
710 3074 731 3107 s.
760 3059 912 3107 Ammianus
926 3054 1089 3106 Marcellinus
1102 3051 1220 3102 11111115
1239 3055 1312 3099 ‘nam

199 3133 225 3176 et
243 3127 346 3176 oracula
366 3126 445 3177 durbia
466 3126 576 3192 legimus
598 3154 632 3165 -
651 3137 797 3190 sortemque
811 3128 852 3177 his
867 3126 1034 3193 posteriorem
1047 3138 1134 3173 ueram
1148 3121 1252 3184 quidem
1265 3121 1312 3170 sed

199 3302 240 3373 cs.
256 3301 420 3357 Bitsclrelius
434 3299 498 3356 lna.
513 3302 598 3359 salal.
614 3302 706 3360 Bann.
722 3309 791 3358 aest.
807 3305 875 3361 1852
888 3319 922 3373 p.
932 3301 1002 3357 XV.
1036 3305 1133 3355 corttra
1151 3297 1310 3353 carinantes

199 3389 285 3440 uerba
299 3402 389 3456 aeque
404 3385 597 3442 Castrieomius
607 3386 748 3453 Merulae,
770 3386 811 3445 M.
827 3387 968 3457 Hauptius
984 3385 1098 3441 Obseru.
1114 3386 1175 3438 erit
1184 3385 1270 3453 11:45

241 3475 293 3529 184
312 3470 442 3524 homines
459 3469 574 3525 Nonius.
590 3470 727 3526 Aemonis
744 3471 869 3542 Scaliqer
954 3470 1073 3537 Burrus]
1097 3467 1138 3540 cs.
1157 3467 1213 3522 Cic.
1232 3466 1309 3520 Orat.

198 3559 242 3622 ta,
257 3557 307 3612 loo
328 3554 468 3609 ‘Burrum
488 3569 598 3626 semper
612 3555 720 3610 Enniirs
735 3572 876 3627 nunqmm
890 3554 1034 3627 Pyrrhum
1106 3555 1194 3624 psius
1208 3552 1313 3622 antiqui

199 3640 343 3693 ‹teclarant
357 3639 438 3692 libri!
471 3636 652 3704 Quintilianus
666 3639 723 3705 14,
741 3646 775 3698 15
803 3640 868 3694 ‘sed
881 3638 908 3693 B
922 3655 1028 3711 quoque
1042 3639 1174 3693 inlocum
1191 3637 1311 3690 abarum

199 3724 321 3778 mellinus
335 3723 493 3793 aliquando,
510 3723 702 3779 undeBurrus
713 3730 740 3779 et
746 3725 857 3796 Brupes
867 3728 893 3778 et
903 3725 1028 3779 Betena.'
1057 3721 1182 3795 Pyrrhus
1193 3721 1309 3776 Nonius.

198 3808 337 3882 PyrrMus
352 3808 390 3861 uti
407 3808 573 3875 memorant]
591 3809 667 3863 Festi
678 3810 739 3864 cod.
758 3811 837 3864 uncis
857 3810 964 3865 incursa
984 3825 1039 3864 non
1052 3814 1195 3879 apparent
1206 3805 1236 3859 in
1249 3804 1309 3858 ead.

244 3898 294 3953 185
318 3883 393 3948 intus
420 3892 451 3946 o.
476 3891 636 3948 Muellerus.
664 3899 727 3950 ntus
752 3895 812 3949 cod.
835 3893 921 3958 lasti,
947 3910 999 3948 om.
1021 3894 1128 3948 Paulus
1212 3904 1310 3944 mussa
1408 3938 1413 3946 .

198 3981 258 4035 ead.
274 3979 349 4033 Festi
432 3979 551 4046 Quintus
632 3981 776 4035 mussabat
789 3977 901 4034 Merula
1007 3982 1059 4039 186
1080 3975 1192 4033 teamda
1204 3974 1308 4045 [παρη.

197 4066 268 4121 Par.
290 4067 360 4123 7580
381 4063 529 4118 Prisciani.
551 4063 652 4117 eacida
671 4062 1066 4120 conclamauerant».
1088 4061 1199 4119 aiaaida
1218 4059 1308 4130 laad.

195 4149 299 4289 m
304 4151 439 4291 septwtql'pm
451 4151 542 4205 amara
555 4148 684 4216 aeacida,
701 4156 732 4204 ut
745 4150 832 4203 cetera¹
915 4150 1020 4204 uinee'⁸
1033 4148 1104 4221 Rep,
1119 4147 1212 4202 Prisc.
1232 4146 1307 4200 uinci
