2932 4942
615 349 856 425 aumovraa

706 515 734 584 fl
748 513 765 552 a

279 648 436 741 Vndique
457 635 659 730 conueniunt
680 648 736 718 uel
758 652 796 719 ut
816 647 920 719 imber
935 647 1005 717 'tela
1024 646 1169 718 tribuno:

280 751 462 843 Configunt
479 772 644 840 parmam,
671 751 766 822 tinnit
788 750 938 824 astilibus
960 752 1061 820 umbo

278 857 402 925 Acrato
424 853 535 923 sonitu
555 854 689 946 galeae:
718 855 778 925 sed
796 877 858 926 nec
874 857 952 946 pote
972 855 1147 947 quisquam

280 958 435 1050 Vndique
457 956 591 1026 nitendo
610 979 733 1049 corpus
758 958 945 1049 discerpere
965 959 1064 1030 ferro.

189 1065 251 1131 435
279 1060 418 1152 Semper
436 1059 643 1131 abundantes
665 1061 779 1132 hastas
802 1061 991 1154 frangitque
1015 1061 1198 1154 quatitque:

177 1182 182 1188 ’
279 1165 397 1233 'lotum
417 1163 521 1231 sudor
540 1162 639 1235 habet
658 1186 780 1256 corpus
803 1165 1007 1258 multumque
1027 1164 1154 1233 laborat

278 1268 345 1336 Nec
365 1265 547 1369 respirandi
564 1266 601 1335 iit
618 1267 729 1357 copia:
758 1272 914 1368 praepete
934 1269 1023 1337 ferro

171 1413 177 1420 ,
279 1370 382 1439 Histri
405 1370 472 1438 tela
496 1390 594 1439 manu
614 1370 770 1440 iacientes
793 1371 1021 1441 sollicitabant.

713 1520 756 1591 lll

507 1640 584 1708 aire
602 1639 696 1709 fulua

649 1754 654 1758 ”
693 1770 771 1841 lV*

278 1888 403 1958 Gellius
418 1889 513 1959 XVll
526 1898 564 1959 21
589 1887 778 1961 ‘Claudium
797 1892 829 1957 et
842 1887 1040 1965 Tuditanum
1058 1889 1213 1957 consules
1229 1910 1289 1956 se-

143 2018 149 2031 s
174 1995 294 2061 cuntur
316 1991 353 2076 Ο.
369 1993 526 2062 Valerius
545 1997 577 2062 et
595 1991 629 2062 C.
645 1989 814 2063 Manilius’
836 1991 898 2082 (C.]
916 1990 1164 2083 consulReg.
1179 1991 1287 2082 Lugd.
1329 2049 1333 2052 ,

153 2095 235 2167 .sed
263 2095 296 2164 in
322 2094 385 2165 hoc
412 2097 639 2184 cmanilius*
666 2096 785 2166 rubric.
815 2095 848 2164 in
876 2118 944 2187 mg.
1001 2095 1151 2178 manib3
1187 2095 1287 2163 Voss,

173 2297 271 2346 Ennius
287 2296 351 2347 libro
362 2298 461 2348 XVlll:
478 2296 582 2364 [gmme
595 2295 719 2365 dirigere]
734 2298 801 2348 dixit
815 2297 1005 2362 degrumeri
1018 2296 1147 2347 ferrum.
1174 2295 1288 2346 Lucilius

111 2428 117 2432 ι
174 2366 218 2414 lib.
240 2367 286 2416 lll:
316 2369 436 2430 uiamque
455 2367 687 2434 Degrumabis‚
714 2376 742 2416 ut
768 2369 795 2418 iu
819 2368 910 2417 castris
934 2382 1037 2417 mensor
1054 2366 1116 2417 iacit
1138 2366 1218 2417 olim.’

173 2437 194 2484 ll
209 2436 353 2486 Macrobius
367 2436 419 2487 Sat.
432 2439 468 2487 Vl
481 2436 497 2488 3
510 2454 537 2503 p.
552 2437 604 2489 516
616 2439 674 2488 lan.
698 2438 837 2488 ‘Homerus
851 2438 883 2488 de
897 2437 985 2486 Aiacis
997 2436 1058 2487 lorti
1071 2451 1159 2502 pugna
1172 2438 1220 2486 ait:
1243 2434 1286 2502 [ll.

175 2503 208 2584 H,
217 2505 277 2571 102]
300 2503 370 2586 Αζας
386 2497 416 2554 ‹l’
436 2497 532 2557 οὐκέτ’
551 2500 660 2571 ἔμιμνε·
684 2499 792 2575 βιάζετο
805 2497 864 2572 peip
883 2499 1018 2574 βελέεσσι·
1042 2501 1146 2572 Δάμνα
1163 2521 1212 2572 μιν
1233 2504 1288 2570 Zp-

172 2589 222 2632 νος
244 2588 273 2624 τε
299 2590 368 2633 νοος
393 2571 441 2626 nat
467 2573 563 2706 quiee
586 2571 693 2642 a’yotoot
713 2568 886 2634 Βάλλοντες·
914 2567 1016 2626 δειν“ν
1039 2567 1071 2625 δὲ
1094 2570 1160 2640 περὶ
1186 2570 1288 2640 κροτα-

172 2657 253 2708 φοιοι
279 2638 386 2710 φαεινή
409 2637 493 2728 Πήλιζ
533 2640 690 2734 βαλλομένη
713 2638 843 2711 καναχὴν
869 2637 928 2710 ἔχε·
954 2641 1070 2712 βαλλετο
1094 2635 1124 2694 δ’
1139 2638 1199 2694 αἰεί
1219 2638 1287 2698 Κατ

172 2704 277 2779 φάλαρ’
295 2705 450 2779 εὐποίηθ’·
478 2713 529 2765 od
560 2706 709 2779 ἆριστερον
729 2701 808 2781 οἷμον
833 2707 953 2780 ἔκαμνεν
967 2704 1113 2779 Ἔμτεὸον
1134 2707 1196 2763 αἰὲν
1216 2707 1287 2779 ἔχων

172 2775 258 2842 σάκος
276 2777 390 2835 αἰόλον·
419 2775 487 2836 οὐδ’
506 2775 643 2834 ἐδύναντο
666 2775 750 2850 Ἀμφ’
765 2775 842 2851 αὐτῷ
863 2779 1009 2848 πελεμίξαι
1034 2773 1190 2848 ἐρείδοντες
1213 2780 1287 2850 βελέ-

171 2866 265 2902 εσσιν·
286 2849 345 2903 Alei
364 2843 395 2902 δ’
414 2845 539 2923 ἀργαλέῳ
557 2845 630 2918 ἔχετ’
649 2844 790 2918 ἄσθματι,
808 2844 864 2901 κὰδ
883 2845 915 2901 δέ
933 2846 963 2901 οἱ
980 2845 1067 2916 λδροίς
1085 2843 1240 2903 Πάντοθεν
1256 2843 1287 2900 ἐν

170 2916 275 2988 μελέων
291 2915 354 2988 ὅὲεν
372 2911 592 2985 donataque&
604 2937 646 2988 πῃ
661 2914 737 2987 εἶχεν
751 2912 928 2986 Ἀμπνεῦοαι,
948 2912 1042 2986 πάντῃ
1051 2912 1087 2968 dl
1105 2912 1195 2969 nands
1207 2918 1288 2986 ιιαιιιῇ

172 2983 327 3057 ἐστήρικτο.
351 2992 424 3051 Hune
437 2992 520 3040 locum
532 2993 629 3044 Ennius
642 2992 668 3040 in
682 2993 769 3059 quinto
783 2991 882 3039 decimo
894 2990 928 3039 ad
938 3005 1052 3054 pugnem
1060 2989 1124 3039 Gelii
1136 2989 1231 3038 tribuni
1245 2989 1287 3038 his

170 3063 289 3112 uersibus
301 3060 435 3110 transient:
448 3060 571 3123 undique‘
587 3077 610 3109 e.
622 3075 647 3122 q.
658 3075 680 3109 s.
696 3059 770 3110 ‘hinc
779 3059 911 3124 Vergilius
923 3058 1032 3108 eundem
1044 3058 1129 3108 locum
1143 3057 1175 3108 de
1188 3059 1287 3108 incluso

170 3133 256 3180 Turno
270 3131 353 3196 gratio
367 3129 523 3194 elegantiore
537 3129 693 3193 composuit:
710 3126 786 3194 [Aen.
800 3127 836 3177 lX
849 3125 1020 3193 sou-8141:
1045 3127 1101 3193 (Ad
1113 3127 1181 3176 hunc
1193 3127 1286 3177 librum

171 3195 837 3263 rettulitl'.RitterusEphem.Darmst.1840p.388.
865 3197 897 3245 iu
907 3196 957 3251 XV
967 3195 1069 3263 Anglio.
1082 3196 1177 3247 Salisb.
1190 3197 1257 3251 Med.
1271 3213 1287 3247 a

172 3269 222 3316 bo.
239 3267 546 3317 induodecimoPar.
579 3265 1287 3334 Celii]eeliAnglic.CoeliiPsr.C.AeliiMemla

171 3335 425 3386 coniunxere
451 3335 484 3386 ci.
497 3337 525 3386 F.
538 3337 649 3387 Ritterus
661 3336 680 3386 l.
691 3333 729 3400 s.)
800 3336 836 3385 lll
855 3335 953 3385 Gellius
970 3335 1077 3403 xillae
1102 3341 1204 3387 ‘contra
1224 3352 1286 3387 uero

172 3404 240 3453 idem
250 3404 346 3454 Ennius
356 3407 380 3454 in
392 3404 478 3454 annali
488 3406 708 3458 duodeuicesimo'
720 3404 1035 3472 (duodeuiceusimo
1044 3405 1183 3473 Magliab.)
1197 3410 1286 3461 ‘aere
1299 3406 1303 3416 “

172 3472 267 3523 iulua
285 3468 351 3524 dixit
369 3489 419 3524 non
433 3474 539 3537 intuo,
558 3490 609 3525 nou
621 3476 653 3527 ob
663 3477 691 3526 id
704 3477 788 3526 solum
799 3475 868 3539 quod
881 3476 1006 3548 Homerus
1024 3466 1095 3542 ἠέρα
1106 3473 1231 3546 βαθεῖαν
1247 3479 1286 3531 di-

170 3545 218 3601 cit,
234 3545 280 3594 sed
294 3545 363 3607 quod
378 3545 421 3594 bio
432 3559 510 3596 sonus
524 3546 616 3612 opinor
628 3546 772 3596 uocabilior
784 3553 822 3596 est
836 3547 908 3596 uisus
921 3552 945 3596 et
959 3546 1107 3614 amoenior?
1132 3549 1204 3600 idem
1217 3548 1287 3600 1126

171 3613 303 3664 ‘fuluos
320 3624 405 3666 autem
415 3608 517 3665 uidetur
529 3618 561 3667 de
573 3610 719 3681 micatque
731 3616 809 3667 uiridi
823 3617 921 3670 mixtus
937 3616 963 3665 iu
981 3617 1040 3667 aliis
1055 3617 1115 3682 plus
1130 3619 1237 3678 uiridis,
1258 3619 1284 3667 iu

170 3683 229 3733 eliis
243 3685 302 3750 plus
312 3685 368 3755 ⁴ruli
386 3684 498 3746 babere;
519 3688 558 3752 sic
575 3690 652 3753 poeta
667 3687 805 3738 uerborum
822 3686 1035 3753 diligentissimus
1056 3687 1154 3738 briuam
1172 3688 1286 3751 aquilem

170 3754 232 3803 dicit
251 3764 275 3805 et
292 3757 419 3823 iaspidem
437 3782 473 3793 —
493 3758 582 3821 sieque
594 3759 692 3808 Ennius
709 3758 735 3806 in
748 3756 883 3807 annalibus
902 3758 977 3807 aare
995 3756 1089 3808 luluo
1108 3759 1191 3808 dixit·

209 3931 262 3987 aar
292 3932 370 3986 uelut
393 3930 458 3986 ειη·
562 3936 615 3992 aaa
644 3932 771 3990 astilibus
798 3931 898 3988 suaa
926 3910 1074 3990 hastatus
1096 3933 1182 3988 cearr

167 4016 219 4070 435
247 4016 425 4071 abundantes
448 4016 602 4073 Pontunus.
623 4019 800 4074 abundantes
822 4018 897 4082 labri,
923 4020 979 4073 nisi
995 4017 1069 4090 quod
1088 4014 1284 4071 habundantes

169 4096 260 4168 Neop.
284 4100 461 4157 adundantes
484 4102 677 4159 Costricomius
694 4102 822 4159 Merulae
926 4105 981 4159 438
1002 4092 1114 4156 Histrici
1136 4100 1174 4153 ait
1194 4099 1285 4170 Ncup.

168 4179 349 4327 pupmqucqu.
360 4186 531 4259 portJon.
551 4187 632 4243 ‘libro
646 4188 767 4301 secundo
781 4186 844 4241 belli
852 4185 970 4284 Histrici
982 4187 1033 4239 ait'
1140 4187 1193 4242 439
1208 4185 1295 4263 iuluo¹
1344 4285 1352 4298 ι

212 4363 326 4420 Enrrvs.
1055 4360 1075 4424 5
