2932 4942
211 325 258 373 Lx
610 313 925 384 QVAESTIONES

212 479 299 541 dubio
327 479 518 554 Quintilianus
550 480 593 558 (ll
616 481 665 556 17,
688 479 763 560 24),
791 482 839 560 qui
864 482 973 540 omisso
1000 482 1115 560 quidem
1139 491 1247 561 poetae
1268 503 1319 544 uo·

210 590 285 648 mine
309 588 383 648 haec
405 597 511 646 lautum
538 592 603 646 dum
627 592 737 646 oleatum
758 599 864 647 rectum
889 600 995 648 teneam
1017 589 1127 663 adfert,
1150 591 1201 650 sed
1225 593 1263 651 ita
1289 603 1320 652 ul

211 710 269 770 quo
295 694 358 753 lere
380 712 454 752 nexu
479 694 502 753 is
530 712 634 753 uersus
663 693 738 771 apud
762 693 883 753 Ennium
905 693 1018 754 babitus
1045 695 1131 755 luerit
1159 697 1318 774 signllicet:

211 803 283 858 Nom
311 809 337 858 et
354 806 525 877 gubernator
556 803 646 880 inquit
675 805 733 860 uult
756 806 839 860 edua
859 821 932 861 noue
962 807 991 860 in
1014 813 1128 877 portum
1151 811 1319 879 peruenire.-

209 912 234 964 si
253 916 344 966 tomen
366 917 522 983 tempestate
538 912 626 984 fuerit
643 911 788 983 obreptus,
809 928 864 967 non
884 912 943 966 ideo
965 913 1055 967 minus
1072 915 1125 968 erit
1141 914 1318 988 gubernator,

210 1018 332 1090 dicetque
353 1024 446 1074 notum
468 1021 548 1075 illud:
570 1019 634 1074 dum
653 1019 765 1073 clauum
783 1024 888 1073 rectum
909 1022 1022 1073 eneam.
1056 1013 1169 1088 Quare
1193 1018 1260 1077 uide
1282 1038 1317 1078 un

210 1122 237 1182 bi
270 1123 327 1182 duo
359 1139 479 1197 uersus,
522 1121 626 1201 quibus
659 1122 774 1179 tertium
805 1121 927 1179 forsitan
960 1120 1049 1179 addas
1079 1126 1162 1197 fortis
1188 1128 1316 1197 Romani,

208 1250 375 1305 quamquem
394 1233 488 1289 caetus
502 1232 666 1303 profundus
692 1229 765 1299 (ino.
787 1227 849 1286 sed.
872 1224 970 1306 XXV)
1002 1227 1142 1303 fragmina
1164 1250 1181 1290 e
1204 1232 1317 1292 naufra-

209 1336 247 1412 gii
267 1334 430 1405 cuiusdam,
459 1333 508 1392 uel
534 1333 610 1392 illius
635 1332 712 1410 quod
735 1333 770 1392 ad
794 1350 874 1391 oram
895 1333 1021 1393 Siculam
1049 1334 1155 1395 lactum
1177 1334 1317 1411 Polybius

208 1442 278 1502 137
299 1440 445 1520 perlubet,
468 1440 666 1517 descriptione
688 1439 843 1502 resideant.
876 1438 919 1498 lbi
939 1441 1013 1499 enim
1030 1441 1210 1517 gubernator
1228 1461 1316 1521 prop·

208 1557 253 1608 ter
291 1547 474 1605 inminentem
511 1565 596 1624 quam
635 1545 825 1625 praeuidebat
861 1554 1064 1623 tempestatem
1104 1548 1316 1624 nauigationem

207 1655 401 1715 dissuaserat:
434 1653 525 1713 seda
549 1654 624 1713 duce
645 1651 778 1711 Romano
807 1654 887 1711 ouius
917 1661 982 1711 sunt
1004 1653 1131 1714 fortasse
1146 1655 1203 1715 illa
1226 1655 1315 1715 uerba

209 1778 283 1839 quae
306 1761 341 1819 lr.
362 1759 444 1818 XXV
467 1761 595 1819 continet
616 1776 674 1817 non
694 1757 873 1818 audiebatur.
919 1757 978 1817 Sed
1000 1757 1073 1817 baec
1095 1760 1124 1817 in
1147 1758 1315 1817 coniectura

206 1867 300 1944 posita
329 1875 402 1925 sunt.
448 1864 523 1939 Quin
549 1865 603 1924 bos
632 1883 737 1924 uersus
764 1881 882 1939 omnes,
912 1863 1016 1941 quibus
1039 1864 1134 1925 editor
1154 1862 1315 1941 Lipsiensis

206 1991 285 2031 suem
312 1973 417 2049 cuique
445 1972 561 2046 sedem,
592 1980 622 2029 ut
650 1971 705 2048 ipsi
728 1970 821 2028 uisum
842 1978 888 2028 est
910 1971 1115 2046 certissimam,
1141 1969 1314 2046 adsignauit,

205 2078 289 2154 milri,
317 2079 452 2157 quoniam
480 2077 508 2133 in
528 2074 703 2134 Antiocbico
732 2092 848 2153 quoque
879 2075 960 2134 bello
982 2076 1038 2153 (cl.
1052 2074 1120 2136 XlV
1144 2075 1179 2139 lr.
1201 2072 1313 2154 l-lV)

205 2202 255 2242 res
280 2187 350 2243 mari
374 2194 404 2244 et
426 2183 546 2251 nauibus
569 2191 652 2259 gesta
675 2190 737 2256 est,
763 2199 801 2240 ne
823 2179 880 2240 boc
904 2183 1019 2259 quidem
1044 2183 1140 2242 eniuci
1161 2200 1250 2260 posse
1272 2184 1313 2241 ui-

206 2291 289 2350 detur
311 2293 426 2350 omnino
449 2292 476 2348 iu
500 2290 607 2349 Punico
630 2288 711 2348 bello
731 2287 828 2347 loourn
845 2286 993 2347 babuisse.

291 2397 383 2456 Porro
414 2397 449 2456 lr.
468 2395 537 2465 XVl
570 2405 599 2455 et
625 2394 721 2455 XVll:
751 2398 870 2470 sortibus
901 2405 942 2454 est
965 2398 1081 2470 fortuna
1108 2397 1174 2451 dota
1203 2401 1232 2452 et
1258 2413 1315 2451 non

203 2521 313 2577 semper
341 2513 436 2563 uestra
466 2512 585 2563 euertet:
613 2521 688 2562 natac
715 2503 843 2577 Iuppiter
868 2505 923 2560 boc
950 2512 1005 2561 etot
1025 2501 1093 2560 mibi
1114 2501 1175 2560 uisa
1198 2507 1263 2559 sunt
1286 2499 1314 2557 in

204 2608 286 2667 ducis
308 2607 431 2668 alicuius
453 2608 654 2669 cohortatione
673 2607 708 2666 ad
732 2607 904 2685 perterritos
927 2607 1033 2666 milites
1055 2606 1152 2666 habita
1173 2606 1240 2665 olim
1263 2623 1312 2665 oo·

203 2715 345 2774 haesisse.
391 2715 501 2794 Hugius
536 2714 652 2794 quidem
682 2713 860 2792 propensior
889 2721 934 2771 est
954 2711 990 2772 ad
1023 2713 1198 2772 credendum
1226 2714 1312 2776 etlr.

203 2820 285 2880 XVll
308 2830 338 2881 et
359 2821 430 2881 boc:
457 2825 511 2880 beu
527 2828 658 2897 quianam
673 2824 751 2879 dictis
772 2825 874 2879 nostris
890 2826 1021 2878 sententia
1034 2824 1114 2894 flexa
1126 2829 1166 2878 cst
1184 2817 1312 2896 (XVlll)

204 2928 361 2988 edeorum
388 2928 513 3007 quodam
544 2945 686 2987 consessu
715 2925 886 3003 deprompta
918 2941 1005 2999 esse,
1039 2924 1155 2984 scilicet
1177 2924 1311 3001 Vergilio

206 3034 343 3110 confisus,
361 3035 499 3113 uuillen.
514 3033 573 3095 X6
589 3031 625 3092 ab
640 3032 732 3092 Ennio
750 3031 881 3091 colorem
897 3039 1040 3088 mutuatus
1059 3030 1088 3088 in
1106 3031 1227 3090 deorum
1244 3046 1312 3088 con-

204 3157 288 3199 sessu
300 3147 431 3217 eumaem
444 3142 483 3201 ait
501 3145 634 3200 sententio
647 3144 724 3198 uobis
743 3141 832 3198 Verso
845 3147 940 3197 retro?
969 3134 1033 3209 Qua
1047 3155 1079 3196 rs
1094 3135 1204 3214 Hugius
1217 3136 1310 3195 Ennio

203 3243 264 3302 uult
282 3251 384 3304 uostris
407 3250 484 3304 dictis
505 3246 634 3320 restitui,
658 3246 686 3303 in
711 3262 776 3303 eum
798 3261 914 3301 sensum
934 3251 964 3301 ut
984 3251 1030 3301 est
1054 3243 1129 3320 apud
1149 3242 1311 3320 Vergilium

203 3352 288 3408 arobm
339 3348 399 3408 Sed
422 3348 478 3408 boo
501 3369 565 3409 oum
585 3350 669 3410 ualde
686 3335 819 3408 dubitem*
832 3367 898 3407 num
921 3355 1004 3407 recte
1022 3347 1135 3409 dicatur
1148 3354 1227 3408 dictis
1246 3369 1310 3408 uos-

203 3458 253 3509 tris
275 3451 310 3528 (i.
328 3470 354 3510 e.
371 3455 462 3531 scobis)
484 3462 617 3513 sententio
638 3459 718 3529 flexo
736 3463 791 3527 est,
818 3462 876 3512 tum
898 3457 926 3513 iu
944 3455 1029 3514 Ennii
1051 3457 1178 3515 carmine
1199 3463 1310 3515 restau-

202 3555 292 3614 rando
324 3565 408 3615 caute
435 3557 598 3634 Vergilium
632 3559 716 3637 sequi
748 3567 886 3636 praestat.
943 3559 1120 3642 Quamquam
1150 3560 1310 3621 editoribus

202 3660 289 3719 nolim
312 3661 446 3738 equidem
469 3662 636 3741 astipulari,
672 3681 737 3722 eum
759 3682 874 3725 uersum
894 3666 1000 3743 Reguli
1024 3686 1092 3728 esse
1115 3666 1309 3745 opinantibus,

201 3784 260 3845 quo
282 3765 332 3824 ille
352 3765 499 3827 Romanos
523 3769 559 3828 de
583 3771 733 3830 tormentis
756 3788 831 3848 quae
855 3773 948 3850 ipsum
970 3774 999 3831 iu
1020 3773 1149 3833 Africam
1171 3770 1310 3832 reducem

200 3879 350 3932 manerent
380 3883 576 3950 pauesoentes
607 3876 838 3954 compellauerit.
884 3877 988 3938 Altero
1010 3889 1121 3953 autem,
1152 3878 1229 3955 quod
1252 3876 1309 3936 En-

200 3980 264 4038 nius
288 3979 372 4054 dicit,
393 3999 468 4039 nunc
489 3982 616 4055 Iuppiter
636 3985 691 4040 boc
710 3991 777 4056 etot,
800 3983 875 4060 apud
897 3983 1060 4062 Vergilium
1083 3983 1158 4043 Aen.
1176 3982 1236 4063 xli,
1246 3982 1308 4043 565

199 4085 318 4146 Aeneas
346 4084 392 4144 cui
419 4087 554 4160 genetrix
584 4103 688 4145 recens
718 4088 840 4148 animum
863 4090 1019 4164 iniecerat,
1050 4091 1151 4150 socios
1173 4090 1308 4150 cohorta-

198 4199 278 4251 turus
300 4191 396 4251 utitur.
