2932 4942
170 334 233 399 144
553 336 909 393 Tunconnlnnvn

682 509 779 580 XV*

274 700 721 718 ........
774 647 866 716 milla
889 649 1004 716 sancta
1025 642 1169 715 societas

272 749 339 818 Ne'c
362 749 446 819 fides
469 749 563 841 regni
586 749 638 820 est

688 918 770 991 XVI

645 1058 810 1152 Thyestes

273 1174 357 1265 'lpse
375 1176 512 1245 summis
530 1176 623 1245 saxis
644 1176 734 1246 fixus
754 1173 899 1267 asperis,
928 1172 1144 1260 euisceraius,

272 1278 391 1347 Latere
416 1281 581 1369 pendens,
610 1280 694 1350 saxa
717 1299 885 1372 spargens
905 1278 1000 1362 tabo,
1028 1279 1120 1348 sanie
1146 1278 1179 1346 et
1200 1277 1287 1346 sain-

831 1381 933 1474 gninc
951 1385 1033 1450 atro.

183 1493 245 1552 415
272 1482 387 1576 Ne'que
406 1483 612 1575 sepulcrum,
641 1485 707 1578 qno
731 1484 883 1576 recipiat,
910 1484 1029 1554 habeat
1052 1487 1184 1576 portum
1204 1479 1287 1550 cor-

833 1590 934 1679 poriS,

273 1686 348 1757 vbi
367 1690 506 1760 remissa
523 1690 667 1760 humana
684 1691 753 1762 uita
771 1690 893 1783 corpus
912 1689 1097 1784 requiescat
1114 1688 1219 1759 malis.

170 1922 259 1973 louis
278 1924 451 1975 iurandum
471 1926 580 1987 dicitur,
605 1935 633 1976 ut
650 1927 685 1976 nit
704 1926 818 1977 Idnnius.¹
839 1926 948 1993 (louis
967 1926 1136 1975 iurandum
1150 1939 1200 1974 om.
1215 1923 1285 1983 I'Ior.
1329 1934 1341 1963 ι

123 2035 128 2043 .
170 2008 218 2042 ms.
239 1994 370 2044 Benedict.
391 1993 492 2061 etalii)
563 1995 613 2045 XV
635 1995 723 2046 Cicero
743 1997 775 2046 de
794 1994 1058 2059 od'.18,2ti‘quod
1077 1996 1145 2044 enim
1162 2001 1200 2044 est
1215 1992 1286 2058 apud

169 2063 296 2113 Ennium:
318 2064 424 2112 nuiIa‘
445 2081 468 2113 e.
485 2081 509 2129 q.
525 2082 547 2116 s.
573 2065 616 2115 ‘id
633 2065 710 2116 latius
729 2067 817 2132 patet.’
855 2065 925 2115 Idem
940 2066 973 2115 de
988 2081 1015 2115 re
1030 2081 1056 2131 p.
1071 2062 1186 2125 132‚49
1210 2066 1286 2112 ‘cou-

171 2133 242 2182 cordi
267 2134 363 2200 populo
463 2135 527 2185 nihil
552 2151 609 2185 esse
635 2136 825 2196 inmutabilius,
849 2135 913 2185 nihil
937 2135 1035 2185 flrmius
1123 2135 1208 2198 itaque
1227 2148 1286 2182 cum

170 2211 258 2267 patres
273 2218 358 2253 rerum
376 2204 533 2269 potirentur,
559 2220 698 2269 numquam
712 2206 857 2256 constitisse
871 2206 983 2255 ciuitatis
996 2212 1098 2255 statum.
1133 2203 1212 2253 Multo
1233 2202 1286 2252 Iam

171 2271 199 2321 id
221 2274 247 2320 iu
267 2274 354 2338 regnis
380 2274 480 2334 minus,
507 2289 658 2336 quorum,
686 2283 714 2325 nt
738 2276 774 2325 ait
795 2275 906 2335 Ennius,
936 2275 1029 2325 nulia
1054 2274 1148 2340 regni
1173 2280 1287 2322 sancta

162 2343 318 2392 'societas
344 2356 401 2393 nec
427 2342 516 2393 Iides
540 2345 607 2398 est.'
639 2344 695 2410 (uei
722 2346 871 2408 quoniam
895 2345 1058 2396 scribendum
1085 2358 1132 2410 pro
1156 2357 1286 2405 quorum

171 2411 214 2461 uei
232 2413 326 2478 regni
343 2413 510 2462 omittendum
522 2414 589 2463 Maio
604 2412 754 2479 uidebatur)
780 2415 921 2479 Vtrumque
934 2415 1105 2482 fragmentum
1119 2428 1152 2462 ex
1165 2411 1286 2477 Thyestis

171 2483 285 2531 oratione
303 2497 381 2547 super
398 2497 455 2532 esse
468 2483 588 2549 opinatus
605 2493 643 2534 est
659 2483 688 2534 0.
703 2484 859 2535 Ribbeckius
930 2484 992 2534 XVI
1011 2483 1099 2536 Cicero
1119 2482 1194 2532 Tusc.
1215 2481 1284 2547 disp.

172 2549 306 2613 144,107
326 2554 474 2602 ‘execratur
494 2552 629 2604 luculentis
647 2569 709 2605 sane
725 2555 843 2605 uersibus
862 2554 932 2621 apud
951 2553 1061 2604 Ennium
1074 2547 1213 2617 Thyestes,
1232 2551 1287 2617 pri-

172 2635 241 2670 mum
264 2629 297 2670 nt
315 2621 492 2689 naufragio
513 2631 628 2689 pereat
645 2624 776 2681 Atreus:
802 2625 894 2674 durum
914 2624 965 2674 hoc
984 2638 1061 2684 sane,
1080 2622 1140 2672 talis
1159 2622 1227 2673 enim
1246 2621 1288 2671 in-

170 2692 262 2741 teritus
281 2705 332 2740 non
352 2699 390 2761 est
410 2692 466 2742 sine
486 2693 560 2760 grani
579 2706 671 2754 sensu;
689 2693 736 2744 iIIa
756 2694 855 2744 inania:
876 2692 947 2760 [413.
962 2690 1035 2758 4141.
1070 2692 1127 2743 Non
1144 2692 1202 2757 ipsa
1221 2705 1286 2740 saxa

172 2762 256 2827 magis
278 2776 355 2812 sensu
374 2763 445 2812 omui
468 2764 609 2825 uacabunt,
632 2779 708 2827 quam
729 2763 774 2814 illa
798 2764 877 2814 latera
897 2763 1026 2829 pendens,
1054 2763 1096 2811 cui
1117 2777 1146 2811 se
1166 2761 1208 2811 hic
1228 2775 1287 2809 cru-

172 2832 266 2881 ciatum
279 2840 364 2882 censet
379 2840 475 2898 optare.
504 2833 584 2893 Quam
597 2841 682 2884 essent
695 2834 774 2895 dura,
792 2835 816 2884 si
829 2835 949 2893 sentiret3
968 2831 1039 2882 nulia
1050 2840 1109 2883 sunt
1121 2832 1177 2882 sine
1188 2830 1286 2880 sensu!

171 2900 286 2967 (quam
300 2909 410 2952 esseut
423 2903 504 2953 dura
518 2903 545 2953 si
558 2905 723 2955 sentirent
736 2903 827 2954 nulla
841 2904 911 2954 sine
929 2918 1031 2953 sensu
1044 2901 1111 2954 Gud.
1125 2901 1189 2967 Reg.
1203 2914 1286 2965 quae

172 2979 206 3021 ut
221 2979 333 3023 essent
346 2972 439 3032 dura,
459 2973 487 3022 si
505 2974 727 3034 sentirentur,
744 2973 838 3023 nulia
851 2975 922 3024 sine
935 2983 1034 3023 sensu
1051 2979 1125 3023 suut
1140 2965 1286 3033 Bentleius)

174 3041 259 3092 ‘Illud
270 3057 331 3092 uero
345 3057 470 3108 perquam
483 3043 573 3094 inane:
594 3041 666 3108 [415.
681 3041 754 3109 tloJ.
786 3043 881 3103 Vides,
900 3050 994 3106 quanto
1008 3043 1072 3093 haec
1089 3042 1115 3091 in
1129 3055 1214 3091 errore
1227 3054 1288 3090 uer-

172 3119 272 3161 sentur:
305 3120 406 3177 portum
429 3116 486 3162 esse
508 3114 623 3179 corporis
643 3120 667 3163 et
688 3114 849 3176 requiescere
870 3113 896 3163 in
915 3112 1033 3177 sepulcro
1053 3118 1126 3178 putat
1147 3117 1284 3160 mortuum.

176 3182 270 3248 Magna
284 3181 360 3248 culpa
373 3181 490 3248 Pelopis,
516 3184 623 3246 quinon
639 3184 761 3234 erudierit
774 3183 855 3233 fliium
867 3198 914 3233 neo
927 3182 1055 3243 docuerit,
1075 3187 1199 3244 quatenus
1218 3186 1287 3230 esset

173 3253 283 3315 quicque
301 3253 459 3302 curandum.¹
494 3253 564 3302 idem
577 3253 604 3302 in
616 3253 735 3303 Pisonem
749 3251 790 3313 19,
803 3252 839 3303 43
857 3252 1002 3317 ‘Thyestea
1022 3254 1071 3302 ista
1089 3250 1218 3301 execratio
1236 3256 1286 3307 est,

172 3324 264 3386 poetae
279 3322 353 3387 uulgi
367 3323 482 3383 ammos,
508 3337 558 3372 non
573 3323 731 3389 sapientum,
753 3324 893 3373 mouentis:
919 3330 954 3372 ut
973 3330 1006 3371 tu
1026 3319 1208 3386 naufragio
1228 3335 1287 3370 ex-

173 3390 287 3455 pulsus
307 3393 433 3456 uspiam
447 3395 540 3443 saxis
554 3392 648 3442 fixus
668 3393 802 3458 asperis
820 3393 1031 3444 euisceratus
1046 3391 1150 3441 latere
1163 3389 1287 3455 pende-

173 3475 241 3519 res,
260 3460 407 3520 utaitille,
429 3476 509 3511 saxa
578 3463 667 3512 atro!
696 3461 797 3528 (Verba
815 3471 848 3511 ut
867 3470 898 3511 tu
918 3461 1100 3527 naufragio
1124 3459 1287 3524 expulsus

172 3529 303 3594 uspiam
317 3527 432 3578 Ciceroni
445 3532 577 3596 rescripsit
589 3531 732 3591 Bentleius,
752 3532 869 3582 Enniana
880 3533 954 3597 poesi
967 3533 993 3581 in
1005 3531 1119 3591 breuius,
1135 3537 1162 3578 ut
1173 3529 1286 3597 uidetur,

173 3598 205 3648 ab
226 3597 271 3647 iiio
295 3596 438 3662 contracta)
471 3599 571 3651 Nonius
592 3616 619 3666 p.
633 3600 725 3661 405‚3
748 3603 941 3668 ‘spargere,
966 3601 1136 3652 madefacere.
1170 3598 1288 3648 Lucilius

173 3667 219 3717 lib.
234 3666 347 3717 XVIIII:
368 3666 461 3733 [414].’
489 3670 559 3720 Haeo
578 3674 636 3720 ‘aut
649 3671 766 3720 traducta
782 3685 839 3721 esse
851 3686 867 3720 a
880 3671 979 3722 LuciIio
994 3680 1037 3722 ant
1057 3670 1220 3721 librariorum
1233 3675 1288 3717 tur-

172 3738 214 3787 bis
225 3752 361 3804 perperam
376 3738 432 3787 cius
447 3740 549 3789 nomina
564 3739 663 3790 afferri‘
682 3747 768 3791 censet
782 3740 811 3790 0.
828 3741 985 3792 Ribbeckius

214 3987 268 4040 413
283 3997 342 4056 sqq.
367 3980 504 4037 Numeros
520 3983 656 4039 constituit
669 3982 810 4039 Bentleiur
