2932 4942
613 327 846 384 ENNIANAE
905 349 908 355 ·
1222 335 1283 383 XLI

171 493 253 570 quasi
272 490 401 551 diluculo
427 510 443 551 e
467 491 638 568 fragmentis
660 491 825 569 dispicere,
852 491 933 550 uelut
956 492 1109 551 aduentum
1132 491 1195 549 eius
1224 489 1282 549 Ro·

169 617 242 658 mam
264 607 294 658 et
315 614 401 658 omen
433 600 461 656 in
490 598 594 657 itinere
626 597 741 656 obuiam
770 595 876 655 iactum
907 597 945 674 (1.
975 590 1034 676 11),
1065 616 1186 674 regnum
1216 605 1283 675 post

171 705 245 764 Anci
268 704 376 764 obitum
400 723 416 764 6
439 702 550 783 populo
573 704 602 761 in
624 701 704 761 ilium
726 702 851 761 delatum
876 702 942 780 (111.
963 702 1034 783 lV):
1056 703 1181 780 denique
1206 721 1282 762 mor·

170 813 209 871 tui
232 813 312 889 regis
332 811 433 871 funera
456 807 549 887 (vul.
573 806 640 886 tx).
686 806 784 885 Atque
807 825 893 868 omen
913 810 1028 886 quidem
1051 809 1147 868 Liuius
1169 810 1284 871 uidetur
1369 852 1374 863 .

170 936 228 977 non
248 919 311 977 sine
330 917 414 977 Ennii
436 915 558 994 quadarn
577 913 735 972 imitatione
758 932 876 974 narrare
896 912 967 976 134
989 920 1028 974 66
1043 919 1199 975 Ianiculum
1208 917 1285 990 forte

169 1034 280 1085 uentum
303 1033 379 1084 erut:
398 1028 436 1083 ibi
455 1029 481 1082 ei
500 1030 635 1098 carpento
656 1025 763 1081 sedenti
777 1041 840 1080 eum
861 1041 952 1080 uxore
973 1027 1067 1097 equite
1084 1027 1225 1096 suspensis
1236 1024 1283 1079 de-

170 1137 255 1190 missu
281 1136 377 1190 leniter
397 1136 450 1190 666
466 1135 583 1207 pilleum
605 1130 715 1204 aufert,
740 1146 881 1204 superque
903 1137 1067 1203 carpentum
1095 1148 1161 1187 eum
1185 1148 1285 1203 muprto

170 1243 302 1313 eianpore
322 1243 440 1298 uolitans
458 1255 559 1298 rursus
579 1241 654 1296 uelut
672 1241 820 1295 ministerio
841 1237 971 1295 diuinitus
998 1241 1082 1293 missu
1111 1241 1197 1310 cupiti
1221 1244 1286 1310 epte

169 1350 292 1420 reponit.-
314 1347 378 1402 inde
398 1348 519 1404 sublimis
541 1346 606 1402 ubit.
640 1330 681 1398 ’16
703 1339 806 1417 quibus
828 1340 902 1400 adeo
928 1358 1033 1399 uersus
1055 1340 1195 1417 quosdam
1217 1337 1284 1399 Glo-

171 1451 248 1510 ricus
274 1448 309 1508 ad
332 1450 403 1510 Liuii
433 1448 496 1508 1.1.
522 1448 662 1508 odoratus
688 1454 748 1521 est,
782 1446 825 1504 sic
853 1445 917 1506 1666
947 1446 1173 1525 reciperandos:
1207 1450 1285 1509 Iouis

169 1558 228 1612 aies
244 1557 325 1614 Caelo
345 1561 487 1632 suspensis
506 1559 623 1615 demisse
640 1562 682 1612 est
703 1557 799 1611 leniter
820 1557 887 1612 etis:
904 1557 1009 1628 Aufert
1028 1558 1075 1613 ille
1094 1560 1201 1630 apicem
1212 1559 1282 1614 auii-

169 1669 241 1732 tens,
264 1669 381 1736 apteque
403 1667 519 1737 reponit.
543 1661 615 1718 Inde
634 1662 756 1717 sublimis
773 1661 837 1717 ubit.
861 1658 905 1717 nd
928 1658 986 1718 hoc
1009 1669 1103 1719 autem
1122 1661 1284 1740 prodigium

170 1766 205 1825 ir.
230 1764 323 1825 lotim
345 1772 379 1825 de
401 1772 477 1826 caeto
500 1770 609 1824 laeuum
638 1767 713 1822 dedit
742 1769 860 1840 inclytus
887 1773 994 1841 sipnum
1023 1766 1150 1826 reiertur
1179 1767 1284 1844 proba·

170 1871 275 1946 bilius,
300 1874 422 1949 opinor,
444 1888 528 1949 quam
550 1887 615 1937 cum
638 1869 800 1929 editoribus
827 1872 863 1932 ad
886 1872 980 1931 Seruii
1004 1870 1091 1931 Tullii
1121 1872 1198 1931 uisa:
1229 1891 1284 1933 nee

171 1977 268 2036 obstat
296 1983 359 2038 otim
389 1977 547 2056 particula,
577 1995 662 2055 quam
691 1978 720 2036 in
754 1977 810 2035 uim
839 1996 875 2037 66
902 1980 1050 2039 notionem
1077 1987 1132 2037 tum
1158 1978 1283 2038 uoculae

171 2092 345 2162 usurparunt
376 2082 493 2143 Plautus
520 2081 580 2142 biii.
602 2082 680 2159 glor.
707 2081 725 2141 2
755 2081 792 2142 ai.
821 2091 851 2142 et
872 2085 1007 2145 Horatius
1033 2086 1094 2145 Sat.
1116 2084 1201 2162 113,
1232 2087 1282 2147 60.

170 2187 233 2248 Nec
259 2198 355 2249 tamen
381 2188 511 2266 libergio
537 2190 703 2265 adsentior,
743 2189 791 2266 qui
818 2188 911 2249 Plauti
937 2189 1045 2250 Persae
1074 2210 1103 2252 u.
1125 2190 1186 2252 251
1218 2196 1284 2253 Ioui

171 2281 297 2369 optento
319 2300 422 2355 incluto
445 2295 572 2355 confisus
595 2295 631 2354 ab
654 2293 748 2354 Ennio
771 2312 889 2372 quoque
911 2296 968 2356 666
991 2296 1059 2355 1666
1087 2303 1218 2374 inclytum
1236 2303 1278 2359 Io·

171 2418 232 2458 uem
264 2398 320 2459 dici
353 2400 535 2480 opinabatur.
586 2399 652 2477 Ego
681 2418 746 2461 cum
774 2399 849 2460 haec
877 2399 1005 2459 Petronii
1029 2401 1146 2462 Halosis
1176 2403 1282 2464 Troiae

170 2523 199 2563 u.
222 2505 281 2566 176
301 2509 372 2567 bueo
399 2510 448 2566 ubi
469 2513 630 2582 personuit,
660 2511 699 2566 de·
722 2511 800 2567 coetu
820 2510 972 2582 Debebieus
998 2512 1057 2566 ates
1085 2512 1182 2569 Omine
1212 2515 1285 2569 laete

171 2615 245 2669 dedit
259 2618 421 2687 pepulitque
447 2616 580 2672 mentibus
601 2634 690 2673 eurus
711 2612 850 2688 confero,
885 2630 1003 2672 uersum
1031 2613 1112 2673 iilum
1139 2614 1216 2674 maio
1246 2615 1283 2674 de

172 2717 238 2793 ipso
263 2716 332 2776 alite
362 2717 471 2777 6116661.
519 2719 563 2779 06
586 2725 654 2780 buno
673 2725 750 2779 Anco
779 2716 910 2797 (16111)
942 2718 980 2778 61.
1003 2717 1179 2779 Niebubrius
1208 2720 1282 2781 Hist.

173 2822 256 2881 Rom.
281 2823 294 2883 1
323 2821 384 2884 392
413 2843 458 2902 sq.
511 2825 684 2903 Tarquinius
707 2824 824 2884 occisus
846 2822 959 2884 lauatur
983 2825 1019 2885 ab
1048 2843 1141 2885 uxore
1170 2826 1282 2907 (vlit),

171 2945 256 3005 quam
277 2932 376 2987 bunum
396 2935 531 3006 feminum
551 2932 620 2991 dicit
642 2938 742 3008 po'e'ta,
766 2938 797 2987 ut
813 2927 918 2988 Cicero
932 2930 1005 2990 Phil.
1018 2930 1058 2991 111
1074 2932 1093 2993 6
1108 2943 1156 2991 tue
1177 2941 1282 2994 eunucu

172 3038 244 3092 bonu
261 3035 379 3106 femine.
413 3031 459 3093 ct.
482 3035 607 3095 Beckeri
631 3034 705 3094 Gali.
730 3033 837 3092 1276.
873 3032 969 3091 Funus
993 3034 1140 3113 Tarquinii
1163 3037 1284 3096 eiiertur

170 3138 206 3199 ad
229 3138 312 3198 16666
335 3148 364 3198 et
387 3138 543 3214 candelas,
573 3138 715 3217 siquidem
743 3137 801 3197 666
829 3137 974 3214 significat
1000 3158 1105 3199 uersus
1128 3147 1284 3217 prodinunt

168 3251 277 3321 famuli,
299 3254 354 3305 tum
375 3248 495 3304 eandida
516 3251 619 3305 luminu
638 3250 729 3304 tutem
752 3241 836 3322 (lx),
859 3247 887 3305 in
910 3264 968 3325 quo
988 3253 1080 3308 lucent
1097 3249 1193 3308 actiue
1213 3267 1281 3309 6666

170 3351 388 3430 accipiendum,
421 3351 531 3409 monuit
561 3348 700 3411 Columna
729 3349 807 3410 coni.
837 3351 930 3414 Plauti
954 3352 1021 3414 Cas.
1045 3352 1121 3415 130
1150 3364 1180 3414 et
1210 3353 1281 3416 Gur·

172 3455 259 3516 6611
283 3456 311 3530 l,
331 3455 360 3516 9.
406 3456 451 3516 De
474 3475 511 3518 eo
535 3458 667 3518 funerum
688 3474 800 3534 genere
817 3459 885 3520 uide
908 3470 1039 3522 ueterum
1066 3463 1230 3524 testimonia
1253 3467 1282 3525 in

171 3564 205 3622 Ο.
228 3562 324 3623 1666ἰί
347 3563 382 3625 66
404 3563 496 3624 Persii
518 3567 579 3626 Sat.
604 3564 644 3624 111
666 3564 725 3625 103
745 3568 961 3627 commentario.
1006 3568 1050 3629 06
1073 3569 1181 3646 tribus,
1206 3588 1281 3648 quae

170 3679 325 3750 praeterea
345 3672 380 3732 ad
405 3670 590 3749 Tarquinium
609 3673 733 3750 ascripsi
756 3670 937 3750 fragmentis,
958 3676 1022 3754 ipse
1042 3677 1127 3736 uideo
1140 3695 1199 3736 rem
1214 3695 1281 3737 esse

171 3779 241 3836 satis
262 3776 439 3854 ambiguam:
464 3798 539 3857 quae
562 3778 681 3853 licebat,
702 3787 733 3836 ut
755 3778 866 3838 incerta
888 3781 951 3839 eius
974 3781 1056 3858 iibri,
1079 3799 1241 3858 segregare
1264 3800 1281 3840 a

169 3884 307 3944 relicuis:
331 3902 407 3943 nunc
426 3883 583 3964 Tarquinio
606 3884 739 3960 ascribo,
769 3902 833 3942 cum
854 3902 912 3943 non
937 3886 1119 3946 incommode
1143 3885 1178 3945 ad
1211 3883 1280 3944 Tar-

169 3992 295 4068 quinium
316 3990 481 4051 referantur
505 4001 535 4051 et
556 3992 736 4051 commodius
748 3991 836 4069 pauio
849 4010 933 4068 quam
950 3993 985 4052 ad
998 3994 1131 4052 Seruium
1144 3989 1278 4064 Tullium,

168 4098 286 4176 dequo
309 4096 365 4157 alia
393 4116 478 4178 quam
505 4116 555 4158 res
581 4097 704 4157 bellicas
726 4105 832 4176 potita,
856 4100 883 4156 ni
904 4097 1009 4174 ialior,
1040 4095 1186 4173 exposuit.
1232 4091 1278 4152 Gi.

168 4201 343 4266 Niebubrius
367 4203 440 4263 Hist.
463 4202 546 4264 Rom.
570 4203 677 4266 1406.
723 4203 761 4264 Et
780 4205 816 4264 16.
837 4202 863 4260 V
883 4201 998 4279 quidem
1018 4200 1119 4258 nescio
1144 4217 1180 4258 an
1208 4200 1280 4259 uici·
