2932 4942
604 359 844 429 RELIQVIAE

269 531 335 600 Pro
353 530 485 601 incertis
504 534 613 601 certos
627 527 871 621 'compotesque
894 528 1010 597 sensili

272 634 433 721 Dimitto,
450 638 487 704 nt
508 657 550 706 ne
569 656 624 705 res
646 632 769 703 temere
790 636 929 702 tractent
946 631 1105 701 ttirbidas

683 734 732 805 Vl
746 733 763 772 ss

185 847 244 909 190
271 839 498 933 Areopagitae
521 840 653 932 quidem
671 839 793 909 dedere
810 838 839 907 ei
863 838 1003 932 aequam
1024 857 1171 929 pugnam
1199 888 1206 902 .
1234 886 1242 902 .
1271 886 1279 902 .

270 1043 352 1113 Dice
376 1043 497 1114 uicisse
518 1041 677 1115 Oresten:
705 1068 770 1116 uos
790 1044 961 1116 facessite!

654 1163 736 1233 Vffl
748 1161 787 1199 Η

242 1357 246 1362 ⁸
272 1260 408 1332 Caeldm
429 1264 607 1348 nitescere,
636 1265 774 1337 erbores
797 1264 1020 1346 frondescere,

272 1364 368 1435 Vites
388 1367 550 1438 laetificae
565 1368 729 1462 pempinis
750 1368 944 1460 pubescere,

270 1468 367 1538 Romi
383 1471 537 1540 bacarum
556 1466 708 1543 ubertate
724 1473 957 1573 incuruiscere,

162 1580 244 1641 ·195
273 1572 416 1665 Segetes
436 1573 550 1668 largiri
573 1575 707 1669 striges,
734 1577 854 1646 florere
878 1574 996 1658 emnia,

120 1670 124 1678 ’
271 1675 395 1747 Fontes
413 1680 558 1763 scatere,
585 1677 697 1750 herbis
716 1680 812 1771 preto
829 1676 1055 1749 conuestirier.

477 1937 481 1943 ι
519 1847 747 1990 HECTORISss
760 1849 938 1920 LVSTRA

256 2006 355 2140 *Quis
376 2053 419 2123 ibi
443 2076 510 2123 non
531 2056 582 2124 est
605 1954 802 2128 urilnelratus
826 2056 916 2126 Ierro
938 2051 1124 2146 Brugioi..
1152 2104 1160 2121 .
1189 2104 1197 2119 .

170 2256 236 2306 cont.
252 2256 345 2307 Aesch.
361 2257 435 2307 Eum.
451 2257 504 2309 614
573 2253 609 2308 VI
627 2261 709 2310 Varro
723 2261 756 2310 de
768 2259 797 2309 L.
808 2258 838 2308 L.
849 2258 901 2307 VII
909 2255 941 2306 19
952 2255 986 2305 Μ.
1006 2255 1103 2304 ‘Enni
1169 2255 1284 2321 Areopa-

170 2328 238 2393 gitae
255 2327 286 2376 ab
302 2328 453 2394 Areopago:
473 2329 496 2377 is
516 2327 587 2378 Iocus
601 2329 728 2381 MhenIs'
755 2329 878 2396 (hermi
896 2328 953 2377 Par.
970 2325 986 2374 b
1008 2325 1105 2375 Ennii
1119 2326 1197 2375 ceteri
1211 2321 1284 2388 iibri)

169 2396 354 2446 Eumenidibus
368 2399 488 2463 ascripsit
499 2396 617 2466 Scaliger
686 2400 734 2450 VII
748 2399 846 2449 Nonius
856 2394 992 2465 pennas
1007 2393 1189 2446 ‘facessere
1203 2396 1284 2461 signi-

169 2467 227 2517 fleat
239 2468 365 2517 recedere.
389 2468 488 2518 Ennius
501 2468 685 2520 Eumenidibus
700 2471 752 2520 ...'
821 2468 883 2518 VIII
903 2466 991 2517 Cicero
1004 2465 1080 2515 Taso.
1095 2467 1163 2530 disp.
1178 2464 1241 2526 128,
1250 2462 1285 2516 69

170 2537 229 2587 ‘hic
243 2545 337 2596 autem,
351 2537 397 2586 ubi
412 2537 571 2599 habitamus,
592 2553 642 2589 non
662 2539 804 2590 intermittit
821 2552 868 2588 suo
883 2544 997 2603 tempore
1017 2536 1153 2586 caelum*
1173 2551 1195 2586 e.
1216 2552 1241 2599 q.
1261 2551 1283 2584 s.

168 2608 239 2657 Idem
259 2608 291 2657 de
305 2613 369 2655 orat.
383 2608 419 2656 ΙΙΙ
433 2605 476 2667 38,
494 2606 545 2658 154
562 2611 703 2658 ‘nouantur
713 2617 799 2660 autem
811 2608 905 2666 uerba,
925 2621 991 2670 quae
1006 2606 1037 2655 ab
1051 2620 1081 2655 eo
1095 2606 1139 2668 qui
1152 2604 1214 2655 dicit
1227 2607 1285 2670 ipso

168 2678 308 2742 gignuntur
327 2690 357 2725 ae
374 2675 437 2724 flunt
456 2676 498 2725 uel
519 2679 704 2744 coniungendis
722 2678 862 2728 uerbis
881 2675 923 2726 uei
942 2690 1021 2740 saepe
1038 2675 1094 2724 sine
1109 2675 1285 2725 coniunctione

168 2746 248 2794 uerba
263 2753 402 2804 nouantur,
421 2752 462 2794 ut:
480 2744 524 2795 ille
535 2747 631 2805 senius,
647 2755 691 2796 ut:
712 2747 739 2797 di
751 2746 891 2812 genitales,
903 2752 945 2793 ut:
968 2744 1120 2793 bacarum
1134 2744 1285 2794 ubertate

170 2815 423 2863 incandescere)
453 2813 550 2863 Nonius
572 2829 598 2879 p.
620 2814 679 2875 122,
696 2814 728 2866 17
756 2814 1000 2864 ‘incuruiscere
1022 2811 1110 2862 Oieero
1131 2812 1163 2862 de
1187 2821 1287 2863 oratore

171 2881 215 2929 lib.
233 2882 281 2930 111:
306 2889 339 2929 ut
356 2882 509 2931 bacarum
525 2883 707 2934 ubertatem
728 2884 966 2933 Incuruiscere.
996 2881 1035 2930 Ita
1052 2888 1077 2930 et
1095 2881 1121 2929 in
1134 2881 1286 2931 Tusculanis

170 2950 215 3068 ξὶ).
233 2949 352 3068 Ἠθθῐέιιίο
366 2948 469 2999 tabulae
481 2951 535 3000 iure
550 2952 629 3001 inseri
642 2953 679 3002 ait
693 2951 723 3003 0.
736 2952 907 3012 Ribbeckius,
922 2950 956 3001 cI.
971 2951 1130 3000 Hermannus
1145 2951 1178 2999 ad
1191 2950 1285 3000 Aesch.

191 3034 243 3068 um.

205 3088 345 3138 Hscroms
362 3086 480 3136 LvsrttA
515 3087 526 3136 I
545 3087 634 3138 OIcero
651 3104 699 3156 pro
717 3091 793 3141 Rosc.
813 3092 871 3141 Am.
887 3087 930 3149 32,
946 3087 981 3139 90
1000 3086 1110 3137 ‘multos
1128 3102 1218 3138 caesos
1235 3102 1286 3138 non

178 3201 381 3211 ——--

214 3265 265 3321 188
282 3278 332 3332 pro
347 3258 378 3316 0.
392 3260 565 3318 Ribbeclrius.
579 3280 615 3317 ex
627 3262 691 3320 libri
775 3267 827 3322 190
843 3262 1035 3335 Areopagitae
1051 3263 1166 3334 quidem
1181 3263 1287 3320 dedere

170 3349 196 3403 ei
214 3363 333 3417 aequam
349 3363 475 3418 pugnarn
490 3347 695 3405 Fleckeatenus.
715 3347 904 3420 Areopagitae
923 3346 991 3419 quid
1009 3349 1099 3418 (quod
1112 3349 1222 3417 Hasta.)
1239 3350 1288 3405 de-

170 3432 237 3487 dere
253 3430 372 3499 (debere
383 3431 494 3498 Pam)
509 3449 592 3503 quam
604 3433 868 3504 pudam(haecd1'tn
878 3433 1012 3489 uocabula
1023 3449 1076 3490 ona.
1088 3433 1166 3495 Goth.
1174 3433 1286 3504 Herm.)

170 3515 242 3572 den.
253 3515 289 3571 A.
298 3516 411 3588 quidem
423 3515 529 3571 dedere
540 3534 660 3589 aequam
670 3535 797 3592 pugnam
806 3516 995 3575 Muellerus
1080 3523 1130 3579 191
1143 3519 1286 3577 Orestem:

170 3619 223 3657 uos
235 3602 366 3658 facessite
377 3601 502 3670 Botdiua,
517 3618 635 3673 quorum
648 3605 779 3660 facessite
788 3605 912 3677 procidit
923 3603 1034 3660 Iuncta·
1051 3603 1169 3660 Oresten
1184 3623 1237 3663 uos
1252 3609 1287 3662 ab

169 3685 224 3741 troc
240 3687 355 3742 Iacessit
369 3685 434 3743 libri
478 3705 480 3711 ·
514 3678 584 3761 ‘Ego
603 3688 667 3745 ‹ltco
681 3685 787 3746 uicisse
799 3689 933 3746 Oresten:
957 3688 1009 3744 nes
1030 3689 1134 3746 abhoc
1154 3691 1287 3747 Iacessite

165 3773 299 3843 proponit
313 3770 344 3828 0.
361 3770 527 3828 Ra'trdeclcias
612 3778 664 3834 193
678 3774 817 3832 laetificae
825 3773 959 3847 probauit
970 3774 1119 3830 Bentlerits.
1137 3776 1288 3831 laetfficare

171 3855 241 3929 Rep.
256 3858 404 3913 taetiscere'
421 3856 545 3913 Parata
632 3863 684 3918 194
699 3876 834 3916 uacarnm
847 3859 961 3915 Atrine.
978 3874 1129 3915 neccarum
1145 3859 1206 3915 Eri.
1224 3860 1290 3914 bde

169 3958 213 3997 or.
227 3944 377 3997 baccarum
390 3941 490 3997 Bamb.
507 3942 591 3999 Nonii
674 3945 866 4002 incuruiscere
882 3943 1003 4010 Nonius,
1019 3959 1092 3999 unas
1104 3940 1194 3999 Oxon.
1207 3942 1288 4015 Iitac.

171 4025 369 4082 incuruascere
390 4027 454 4082 edd.
476 4027 540 4099 alep.
555 4028 619 4083 ibid.
642 4030 853 4085 incuruesceret
868 4027 932 4083 Erl.
948 4044 967 4081 a
980 4027 1072 4098 suppl.
1088 4026 1123 4081 de
1136 4043 1179 4082 or.
1200 4029 1288 4082 intur-

171 4125 288 4178 gescere
305 4111 374 4168 Orod.
385 4110 409 4176 b,
427 4112 493 4183 aleta.
505 4111 620 4184 tapam.
639 4114 836 4169 incurbescere
850 4112 964 4167 Atrine,
978 4110 1012 4164 de
1026 4126 1069 4164 or.
1089 4111 1288 4167 incuruescere

172 4191 232 4247 Erl.
249 4193 266 4248 d
280 4194 315 4248 de
329 4212 371 4249 or.
389 4194 456 4266 lter.
477 4195 636 4252 dicacem
646 4197 912 4270 persequeremini·
989 4197 1038 4251 196
1053 4202 1133 4264 prata
1147 4198 1289 4252 conmesti-

171 4277 226 4330 rier
241 4276 341 4333 Herbis
358 4277 481 4336 Naetsc
499 4281 528 4334 a'n
556 4279 650 4337 Valet.
664 4281 722 4338 Oct.
741 4292 774 4352 p·
788 4286 824 4339 43
912 4280 959 4337 197
983 4278 1019 4332 ibi
1043 4293 1097 4333 non
1120 4285 1163 4336 est
1181 4279 1288 4337 Cicero·

212 4374 327 4432 Ennrvs.
1061 4370 1082 4434 8
