2932 4942
167 340 232 390 vm
586 320 853 384 'PRAEFATIO

167 493 344 560 adornatus
371 490 510 585 prodiit,
541 510 625 576 quae
653 496 688 554 et
712 487 787 553 aliis
813 486 1000 553 nominibus
1021 485 1170 572 requiras
1191 491 1225 549 ct
1246 485 1282 549 in
1411 512 1428 525 ·

167 634 268 702 opera
286 610 392 698 quahs
411 610 493 675 haec
512 617 563 673 est
583 607 702 673 acerbe
721 605 914 672 desideres?
935 606 999 671 Vel
1015 605 1184 687 Ciceroni,
1206 604 1283 668 licet
1352 601 1363 610 ’

168 730 262 796 multi
285 727 563 795 multumuariae
590 747 688 791 curae
715 724 897 808 attulerint,
925 723 1009 789 illud
1029 745 1071 788 ne
1093 722 1190 788 hodie
1206 723 1284 808 qui-

170 850 245 916 dem
271 849 451 936 quisquam·
467 845 644 933 praestitit,
679 843 767 931 quod
795 852 871 908 ante
893 844 1002 909 omnia
1027 841 1094 907 fuit
1116 851 1284 930 praestan·

171 945 265 1034 dum:
293 988 355 1032 nec
382 985 421 1030 eo
447 963 550 1030 multo
577 961 695 1028 melius
723 962 828 1028 habiti
854 970 931 1027 sunt
954 983 972 1027 e
998 961 1284 1048 grammaticorum

169 1085 267 1152 turba
283 1085 476 1173 superstites
494 1089 622 1148 tantum
635 1101 703 1146 non
721 1101 844 1147 omnes.
880 1079 948 1146 Sed
962 1101 1075 1146 eorum
1090 1081 1284 1167 scriptorum

144 1193 148 1197 ¹
169 1225 289 1270 rumor.
302 1212 359 1269 aut
380 1203 500 1268 certior
520 1200 610 1266 fama
629 1201 754 1288 parari,
786 1199 899 1287 quales
924 1199 1092 1284 significo,
1123 1194 1284 1264 editiones

165 1320 313 1388 larebat:
342 1340 479 1409 quarum
498 1321 607 1405 dotes,
628 1341 670 1385 ne
692 1318 967 1384 infestinationis
989 1317 1119 1405 culpam
1139 1319 1283 1382 incurre-

170 1463 255 1523 rem,
279 1449 471 1526 exspectare
482 1437 659 1522 debebam,
682 1437 749 1502 nisi
764 1438 957 1523 contigisset
970 1436 1050 1501 mihi
1063 1458 1159 1502 usum
1174 1456 1285 1501 earum

171 1560 265 1646 quasi
292 1536 484 1645 anticipare.
535 1558 609 1624 Hoc
631 1558 718 1622 enim
747 1555 851 1622 debeo
878 1557 1020 1621 eximiae
1042 1555 1285 1622 beniuolentiae

123 1680 125 1685 '
171 1678 379 1762 egregiorum
397 1679 561 1761 uirorum,
595 1678 652 1765 qui
671 1676 1003 1763 manuscriptorum,
1035 1695 1116 1764 quos
1140 1674 1286 1762 posside·

171 1803 260 1878 rent,
277 1795 461 1862 thesauros
483 1795 663 1862 liberaliter
685 1792 889 1860 recluserunt
910 1794 990 1859 mihi
1015 1803 1048 1860 et
1066 1794 1177 1859 Ennio
1202 1814 1286 1859 meo.
1356 1794 1368 1804 “

161 1913 217 1978 ‚Et
238 1893 399 1980 Macrobii
421 1916 553 2002 quidem
575 1913 801 1980 Saturnalibus
827 1923 896 1978 tum
918 1914 1064 1979 nondum
1090 1912 1179 1978 foras
1202 1912 1287 1978 datis

171 2033 377 2098 Lvnovrcvs
399 2033 524 2117 Isrvs,
554 2054 690 2122 quarum
712 2053 791 2098 usus
813 2032 913 2115 foret,
945 2031 1093 2119 pagellas
1114 2034 1203 2120 typis
1231 2052 1288 2096 ex-

171 2173 302 2238 pressas
331 2152 374 2217 ad
401 2149 461 2217 me‘
482 2153 674 2217 transmisit.
717 2150 773 2216 Ad
803 2150 961 2215 Varronis
988 2149 1077 2216 locos
1103 2151 1289 2216 Florentini

173 2269 251 2335 libri
271 2271 381 2335 uarias
401 2271 559 2336 lectiones
578 2271 794 2336 Laouianvs
813 2267 1036 2336 srmoacrvs
1057 2264 1104 2336 ex
1122 2291 1170 2354 ea,
1193 2291 1289 2357 quam

174 2389 280 2454 denuo
301 2388 466 2454 Henricus
479 2389 608 2455 Keilius
630 2389 873 2454 accuratissime
894 2387 988 2473 fecit,
1009 2389 1195 2455 conlatione
1215 2410 1290 2453 mea

172 2509 281 2593 gratia
307 2510 482 2596 excerpsit.
527 2509 637 2596 Ipsius
663 2515 772 2571 autem
792 2507 915 2575 Kalhu
943 2509 1090 2574 comitati
1122 2517 1288 2596 acceptam

173 2626 299 2711 refero,
328 2649 426 2715 quam
451 2649 470 2692 e
496 2627 659 2692 minorum
687 2627 988 2712 grammaticorum,
1021 2625 1178 2710 Charisii,
1209 2626 1289 2691 Dio·

173 2744 294 2828 medis,
332 2745 473 2829 Donati,
512 2746 610 2810 Marii
641 2735 820 2829 Victorini,
862 2744 1079 2829 cassiodorii,
1120 2745 1289 2810 codicibus

174 2865 354 2951 scripturae
386 2864 639 2952 discrepantiam
674 2863 820 2929 exhibui.
875 2862 1004 2929 Gellius
1035 2871 1068 2928 et
1099 2864 1290 2929 Priscianus

174 2992 328 3070 quantam
358 2993 493 3070 partem·
516 2985 618 3050 Ennii
647 2983 860 3071 reliquiarum
889 2983 1073 3067 continent,
1111 3005 1183 3048 eam
1213 2983 1293 3047 mihi

175 3102 324 3169 codicum
345 3104 449 3189 copiis
462 3103 621 3168 Mearm
634 3103 786 3168 Hauuzn
808 3103 969 3169 instruere
991 3103 1093 3169 licuit.
1138 3102 1168 3166 Ε
1189 3101 1289 3168 Nonii

175 3221 260 3286 libro
282 3220 536 3308 Bambergensi,
567 3223 660 3288 cuius
690 3223 806 3290 mutila
834 3223 933 3288 hodie
960 3223 1104 3288 conditio
1131 3221 1289 3309 plurimos

127 3344 131 3352 '
175 3340 278 3404 Ennii
299 3362 575 3429 quoquauersus·
588 3341 768 3427 absorpsit,
793 3352 941 3426 tenuem,
967 3364 1069 3430 quam
1090 3342 1134 3406 ad
1156 3339 1291 3404 annales

174 3457 369 3546 praebebat,
397 3461 578 3547 scripturae
605 3461 798 3525 uarietatem
821 3459 1115 3525 Camoni-Hacsm
1144 3459 1293 3544 benigni-

136 3584 140 3592 '
175 3586 243 3644 tate
264 3578 393 3665 accepi:
426 3600 466 3644 eo
487 3600 567 3663 uero
589 3578 790 3664 largioraet
812 3577 1035 3665 splendidiora
1055 3578 1098 3642 ad
1123 3576 1293 3642 Ciceronis
1391 3630 1394 3636 .

176 3697 266 3762 locos
294 3695 442 3763 subsidia
469 3697 617 3762 eiusdem
636 3697 701 3762 uiri
721 3694 993 3784 praestantissimi
1013 3696 1153 3761 eximiae
1174 3695 1292 3759 libera·
1339 3760 1341 3766 ,

177 3815 263 3880 litati
294 3815 464 3888 debentur.
529 3815 657 3898 Quibus
689 3815 853 3879 Acunum
887 3806 1128 3879 Fcacxmsarr
1162 3814 1295 3878 accede-

174 3936 233 4002 bat
264 3934 307 3999 ad
339 3935 497 4002 Catonem
526 3935 684 4002 maiorem
717 3941 894 4021 apparatus
925 3932 1136 3999 lautissimus.
1191 3933 1295 3999 Porro

177 4053 388 4141 Ilbergius
415 4054 451 4118 in
479 4053 598 4119 itinere
626 4052 810 4119 Cassellani
825 4054 961 4120 codicis
989 4053 1097 4119 Seruii
1124 4062 1251 4141 partem
1273 4073 1294 4115 a

177 4173 324 4260 Bergkio
346 4194 412 4238 non
435 4171 556 4237 editam
578 4173 721 4260 inspexit
741 4173 887 4260 mihique
910 4194 994 4261 quae
1019 4172 1071 4241 hia
1094 4172 1222 4237 laciniis
1252 4171 1296 4236 ad
1418 4225 1421 4230 .

178 4291 323 4357 Ennium
360 4288 611 4358 continebantur
648 4293 878 4360 commodarit.
934 4292 1088 4381 Denique
1110 4291 1295 4378 ⁴antiquam
