2932 4942
599 332 952 431 rssnooeoinitvu

648 502 902 591 Evtssitoltsss

323 721 369 790 lta
389 722 507 812 sipere
530 722 631 813 opino
654 746 732 794 esse
751 621 939 816 obtumum,
967 734 1002 795 ut
1024 749 1085 817 pro
1103 724 1228 794 uiribus

319 825 443 894 Tacere
463 849 502 895 oe
520 827 659 896 iabuidri
683 833 759 1000 tui?I
770 827 916 967 ssffuffis·

318 1095 326 1112 .
381 1043 489 1114 Erebo
510 1045 621 1156 credie
641 1022 910 1218 msebffinmbus
934 1050 1026 1134 Nox,
1053 1055 1086 1119 te
1104 1018 1238 1120 intiooo.

316 1262 384 1333 Nisi
405 1271 531 1354 patrem
551 1266 700 1337 materno
717 1268 881 1440 salbgfflne
900 1270 1106 1341 ixanoiando
1125 1270 1328 1340 ulciscerem.

231 1493 291 1554 185
318 1483 353 1553 ld
372 1505 438 1576 ego
459 1482 574 1554 aecum
595 1486 716 1557 iecisse
735 1486 900 1579 expedibo
923 1491 1022 1580 atque
1042 1486 1190 1581 eloquar.

736 1621 772 1691 V
784 1620 801 1659 *

318 1840 416 1912 Vnde
434 1842 495 1914 sibi
513 1843 628 1934 populi
645 1743 990 1939 et'rssexggsllbonsilium
1009 1841 1179 1934 expetunt,

315 1944 524 2016 Summirurn
546 1969 654 2016 rerum
678 1948 809 2035 incerti,
837 1969 923 2042 quos
940 1969 1008 2059 ego
1029 1946 1093 2038 ope
1112 1969 1187 2016 mea

246 2147 410 2199 Evmsbss
458 2151 469 2198 1
495 2148 592 2199 Nonius
612 2165 638 2215 p.
659 2150 726 2212 4753
747 2149 764 2201 3
796 2151 910 2215 ‘opino
937 2163 984 2215 pro
1010 2148 1102 2213 opinor
1199 2148 1327 2198 Pacuuius

211 2213 322 2282 Chryse:
342 2218 429 2268 iuueni
447 2219 525 2284 opino
542 2234 598 2268 esse
617 2228 763 2284 optumum,
787 2219 890 2272 Orestes
909 2227 937 2267 ut
952 2218 1027 2268 heres
1046 2217 1093 2267 sed
1106 2225 1200 2268 temen
1228 2218 1326 2268 Ennius

210 2284 409 2337 Eumenidib'us:
429 2296 513 2338 tscere
530 2289 608 2353 opino
629 2290 694 2338 esse*
708 2289 853 2355 optumom’
874 2304 897 2337 e.
913 2304 938 2351 q.
955 2303 977 2338 s.
996 2286 1152 2353 (Orestes
1231 2295 1326 2353 optu-

209 2370 355 2408 montom.
372 2355 478 2422 Bemb.)
548 2358 572 2406 11
589 2357 684 2408 Paulus
699 2359 768 2409 Festi
780 2375 808 2426 p.
824 2357 859 2410 83
872 2357 906 2407 Μ.
927 2357 1082 2407 ‘Erebum
1100 2355 1232 2423 Vergilius
1247 2357 1324 2406 inter-

210 2425 270 2475 dum
284 2425 464 2477 obscuritatem
477 2427 605 2490 quendem
619 2443 676 2478 esse
688 2429 811 2479 describit
822 2426 892 2493 opud
904 2427 1001 2477 inferos
1016 2464 1053 2476 ...
1074 2426 1156 2475 Varro
1170 2441 1231 2476 uero
1241 2426 1323 2476 Erebo

210 2504 294 2545 notam
308 2495 412 2546 Noctem
427 2497 481 2548 eit.¹
500 2496 575 2547 Vnde
589 2504 664 2547 estet
685 2497 766 2548 iliud:
791 2497 909 2549 Erebo'
929 2513 952 2546 e.
966 2512 991 2559 q.
1006 2512 1028 2546 s.
1057 2496 1112 2545 Huc
1125 2494 1203 2545 refert
1217 2494 1247 2546 0.
1261 2496 1324 2546 Rib-

208 2564 315 2615 beckius
335 2565 400 2616 conl.
423 2565 516 2617 Aesch.
536 2567 610 2616 lium.
628 2565 677 2617 :tel
689 2566 785 2618 'et844
855 2567 890 2616 111
908 2565 1006 2616 Nonius
1025 2581 1052 2632 p.
1070 2563 1130 2625 292,
1152 2565 1184 2616 15
1209 2568 1325 2615 ‘exen-

177 2671 181 2683 ,
209 2634 313 2695 olere,
333 2635 471 2686 effundere.
501 2636 598 2686 Ennius
614 2636 871 2690 Eumenidibus.·..'
935 2637 980 2685 =1v
995 2635 1093 2685 Nonius
1109 2633 1324 2701 p.ooo‚8‘ex-

208 2704 332 2770 pedibo
354 2719 401 2771 pro
421 2705 569 2772 expediam.
601 2706 727 2757 Pacuuius
755 2705 963 2772 ...expedibo
995 2705 1119 2754 Accius
1144 2704 1322 2770 Nyctegresie:

208 2784 299 2824 cuncte
314 2775 444 2841 expedibo
512 2775 609 2826 Ennius
623 2776 821 2827 Eumenidibus:
842 2777 869 2826 id
888 2775 950 2841 ego·
970 2791 993 2824 e.
1009 2791 1034 2838 q.
1050 2790 1071 2823 s.
1144 2775 1168 2823 V
1188 2772 1276 2824 Cicero
1291 2774 1323 2824 de

207 2853 271 2895 oret.
286 2845 354 2905 145,
375 2843 423 2896 1119
441 2845 518 2909 ‘quid
530 2852 569 2895 est
582 2846 651 2895 enim
662 2846 834 2912 praeclarius,
859 2859 934 2909 quom
952 2844 1093 2894 honoribus
1110 2851 1135 2893 et
1148 2844 1186 2894 rei
1203 2843 1323 2908 publicae

207 2914 355 2965 mutieribus
382 2914 543 2982 perfunctum
564 2930 651 2966 senem
672 2930 751 2982 posse
770 2930 817 2966 suo
837 2916 892 2965 iure
912 2913 997 2964 dicere
1018 2914 1103 2973 idem,
1130 2912 1214 2976 quod
1238 2911 1323 2979 apud

107 3044 110 3051 Ι
207 2983 342 3034 Ennium
361 2984 450 3035 dicat
470 2984 678 3050 iilePythius
694 2985 829 3052 Apollo,
849 2999 882 3035 se
901 2999 973 3034 esse
992 2998 1074 3043 eum,
1093 2983 1176 3035 uode
1191 2982 1275 3043 sibi,
1294 2983 1323 3032 si

207 3068 268 3104 non
287 3053 404 3120 popu'ti
425 3063 454 3104 et
472 3070 584 3121 reges,
604 3064 635 3104 et
653 3070 762 3106 omnes
776 3056 827 3105 sui
841 3055 933 3104 ciues
952 3053 1132 3103 consilium
1153 3052 1321 3119 expetent'

206 3140 229 3175 e.
245 3141 269 3188 q.
284 3141 305 3174 s.
338 3125 415 3175 Deest
430 3125 473 3174 hic
494 3125 566 3175 locus
585 3125 611 3174 in
624 3124 678 3174 Eri.
698 3140 722 3174 e.
755 3123 941 3176 Eumenidibus
960 3122 1103 3189 ossigneuit
1122 3120 1152 3172 0.
1164 3122 1322 3172 Ribbeckius

250 3333 299 3387 181
322 3344 365 3400 tq.
397 3327 508 3400 Scripsi
528 3343 566 3385 ex
590 3329 629 3384 Os
645 3328 789 3384 Ribbeckr'i
807 3328 1001 3383 emendatione.
1030 3333 1124 3391 tacere
1148 3327 1234 3396 opino
1256 3340 1320 3380 esse

204 3419 348 3483 optumum
360 3419 388 3467 et
398 3429 449 3484 pro
462 3415 567 3469 uiribus
581 3430 682 3484 sapere
694 3421 776 3484 etque
787 3413 858 3479 libri,
873 3414 928 3467 nisi
935 3411 1011 3483 qnod
1020 3416 1146 3482 optutum
1164 3411 1208 3466 W.
1220 3425 1321 3480 sapere

205 3513 269 3553 esse
286 3499 386 3567 opinor
407 3500 541 3568 optimum
566 3513 617 3567 pro
639 3499 760 3553 uiribus:
786 3497 892 3552 Tacere
913 3513 945 3550 oc
966 3496 1081 3551 Botbint
1169 3498 1218 3552 182
1241 3496 1321 3549 iebu-

204 3582 313 3638 latitate
340 3581 437 3635 Bomb.
491 3640 494 3645 ,
524 3585 575 3640 183
605 3583 696 3637 Erebo
723 3587 870 3653 procreata
886 3633 891 3643 ,
894 3583 1029 3651 proponit
1054 3580 1086 3635 0.
1114 3577 1279 3639 entecnius

246 3668 297 3725 185
319 3681 416 3720 aecum
441 3666 544 3720 iecisse
563 3665 594 3719 0.
610 3666 783 3721 RibbecIcius.
807 3681 905 3720 aecum
928 3665 1023 3719 accius
1046 3666 1149 3719 iecisse
1175 3663 1251 3732 iibri,
1279 3662 1320 3735 os.
1350 3726 1353 3730 ⁴

201 3764 291 3822 snpra
377 3752 493 3820 eloquor
518 3749 555 3802 W
638 3754 689 3809 186
713 3749 837 3805 Primum
854 3766 871 3803 a
890 3749 987 3804 Botbio
1012 3764 1050 3804 ex
1072 3749 1202 3806 Cicerone
1224 3753 1321 3803 erubet

201 3849 315 3900 uersus,
342 3835 420 3890 cuius
434 3834 544 3890 dubiam
556 3833 639 3905 fidem
658 3834 764 3890 esset).
782 3831 946 3890 Ribbeclcius
960 3839 1066 3888 cericei.-
1085 3831 1197 3905 quondo
1207 3830 1320 3887 Ennius

199 3919 327 3992 ptoritre
336 3919 458 3993 fortasse
463 3919 632 3991 populorum
643 3933 792 3991 reqnmqoe
801 3933 967 3974 concordem
977 3919 1160 3973 exornooerit
1230 3915 1326 3990 ³undel

203 4006 256 4062 sibi
276 4005 370 4077 populi
393 4011 420 4059 ct
439 4020 523 4076 reges
543 4000 670 4059 Alterius
684 4003 806 4075 denqiue
827 4001 937 4070 Quaeri.
955 4006 1037 4058 metr.
1054 4019 1087 4074 p.
1103 4007 1147 4060 20.
1167 4001 1243 4056 unde
1265 4001 1318 4055 sibi

202 4091 280 4145 ciues
298 4105 397 4144 omnes
417 4083 533 4145 Boione
619 4090 669 4147 187
690 4103 860 4143 summarum
875 4086 1117 4159 Loqomorsinioni
1132 4100 1234 4142 omnen.
1254 4103 1318 4140 sue-

202 4190 263 4229 rum
290 4188 461 4230 summorum
489 4173 558 4230 Gnd.
580 4171 679 4228 o'lirt.
700 4190 717 4227 o
737 4174 838 4246 'coppi
869 4188 983 4227 suerum
1004 4173 1090 4226 ceteri
1130 4174 1131 4179 ’
1173 4187 1227 4241 ope
1254 4184 1317 4223 mee

203 4257 339 4330 Reieiqtiis
353 4257 428 4315 Coni.
444 4261 472 4314 in
487 4257 627 4331 An'stopb.
639 4274 674 4330 p.
687 4259 731 4317 tr.
749 4274 813 4313 meo
829 4272 883 4328 ope
897 4256 961 4312 libri
