2932 4942
604 342 847 413 nunrovrau

711 511 739 580 H

174 628 185 641 ’
273 632 339 702 Sed
363 632 493 702 sonitus
515 631 606 702 auris
625 630 716 699 meas
739 629 860 720 pedum
880 624 980 716 pulsu
1001 624 1155 713 increpat.

699 765 741 837 ill
843 806 849 816 ·

273 887 318 956 lbi
341 886 419 979 quid
441 889 521 978 agat
540 908 653 957 seeum
677 876 809 978 cogitat
822 881 918 974 porat
940 883 1041 971 putat.

659 1020 733 1093 ,Ν
747 1020 778 1090 *Ι
855 1041 858 1046 ,

273 1139 473 1224 Quemnam
494 1144 527 1209 te
550 1162 627 1211 esse
648 1140 770 1226 dicam,
800 1137 855 1232 qui
875 1136 970 1206 tarda
989 1133 1022 1202 in
1043 1132 1177 1203 sene'cta

692 1276 757 1347 V*

273 1449 280 1463 .
335 1448 342 1462 .
398 1448 405 1462 .
460 1393 516 1483 pol
547 1393 624 1465 mini
658 1397 791 1465 fortuna
819 1391 927 1484 magis
957 1410 1044 1459 nunc
1076 1389 1155 1460 defit
1184 1388 1281 1481 quam

184 1608 245 1668 395
272 1600 421 1692 Namque
449 1623 589 1693 regnum
614 1600 812 1693 suppetebat
827 1517 961 1684 ῗῐιθίῗῃῖῒ
984 1597 1087 1682 scias,
1115 1599 1238 1689 quanto
1264 1595 1282 1663 e

273 1803 412 1887 Quantis
428 1807 558 1898 opibus,
578 1804 697 1899 quibus
715 1804 756 1872 de
771 1701 982 1893 rebddscddpsa
999 1804 1131 1871 fortuna
1147 1800 1283 1870 decidat.

674 1955 723 2027 VI
737 1954 779 1993 d*

275 2072 414 2144 Tantalo
441 2074 643 2167 prognatus
672 2073 797 2164 Pelope
827 2072 942 2157 natm,
979 2070 1034 2164 qui
1065 2071 1231 2164 quondam
1264 2069 1285 2138 a

795 2236 798 2243 .
831 2197 931 2247 soom

274 2276 445 2350 Oe'nomao
465 2302 548 2374 rege
565 2279 827 2372 Hippodameam
850 2279 953 2371 raptis
973 2281 1127 2348 nanetust
1149 2275 1282 2368 nuptiis.

170 2480 311 2533 Theeste
331 2484 394 2534 ...'
426 2482 621 2550 (Thertensi
642 2499 690 2534 ms.
715 2484 795 2534 danii.
822 2481 968 2547 Thyeste
992 2477 1067 2546 edd.)
1137 2481 1161 2530 ΙΙ
1186 2474 1284 2530 Nonius

170 2566 196 2616 p.
210 2553 271 2619 255,
286 2554 320 2604 25
339 2556 505 2619 ‘or-epate,
525 2552 611 2604 ferire.
633 2555 731 2605 Ennius
744 2555 770 2604 in
783 2552 896 2618 Thyeste
909 2553 956 2602 ...’
1026 2552 1062 2600 111
1078 2550 1177 2601 Nonius
1186 2565 1214 2616 p.
1222 2548 1283 2610 369,

171 2622 205 2672 25
224 2626 378 2688 ‘putare‚
397 2624 482 2673 animo
497 2623 630 2688 disputare
696 2625 794 2675 Ennius
806 2621 918 2686 Thyeste
932 2621 987 2671 ...’
1058 2622 1093 2672 IV
1109 2621 1198 2672 Gioero
1213 2619 1282 2669 Orat.

170 2692 213 2751 55,
232 2692 280 2743 los
305 2696 475 2756 ‘quamquam
489 2693 565 2742 etiam
579 2708 595 2743 a
607 2694 691 2744 modis
703 2693 857 2757 quibusdam
875 2699 951 2755 cantu
964 2697 1061 2740 remoto
1074 2690 1158 2741 soluta
1174 2704 1232 2740 esse
1244 2689 1284 2739 ui-

170 2759 260 2811 deatur
280 2763 360 2812 oratio
445 2775 553 2824 quomm
571 2763 667 2814 similia
681 2771 740 2814 sunt
757 2761 884 2827 quaedam
901 2762 977 2810 etiam
990 2760 1061 2825 apud
1075 2768 1190 2820 nostros,
1214 2759 1284 2809 uelut

171 2828 214 2878 ilie
235 2831 261 2878 in
274 2830 386 2894 Thyeste
407 2827 481 2896 [393]
504 2839 529 2880 et
548 2847 614 2893 quae
634 2840 790 2895 sequuntur:
809 2845 888 2893 quae,
908 2830 958 2894 nisi
977 2844 1035 2879 eum
1053 2830 1147 2880 tibicen
1166 2829 1283 2891 accessit,

171 2899 293 2948 orationis
305 2906 364 2948 sunt
381 2900 480 2948 solutae
497 2899 648 2950 simillima.¹
680 2901 720 2952 Gi.
736 2900 834 2951 Nonius
847 2914 874 2965 p.
888 2896 949 2959 336,
964 2896 997 2948 31
1017 2899 1117 2960 ‘Varro
1137 2893 1203 2960 περὶ
1222 2886 1284 2957 ἔξα-

171 2964 279 3031 γωγῆςε
296 2984 372 3030 quem
386 2983 444 3017 nam
458 2976 482 3017 te
498 2983 555 3018 esse
569 2969 663 3029 dicam,
677 2969 757 3021 ieram
772 2971 815 3034 qui
829 2982 907 3017 manu
920 2968 1035 3033 eorporis
1048 2966 1164 3018 feruidos
1176 2967 1284 3017 fontium

172 3038 259 3102 aperis
281 3036 352 3088 lacus
369 3038 504 3103 sanguinis
527 3045 603 3101 teque
622 3040 677 3089 uita
695 3039 767 3089 leuas
783 3039 873 3090 ierreo
894 3037 982 3087 ensit’
1052 3038 1075 3087 V
1099 3037 1187 3088 Cicero
1206 3037 1283 3086 Tusa:

171 3107 239 3171 disp.
254 3107 288 3155 111
305 3106 346 3168 19,
360 3109 396 3157 44
414 3107 604 3170 ‘quaerendum
622 3109 718 3174 igitur,
737 3124 812 3172 quem
826 3107 964 3158 admodum
978 3107 1139 3173 aegritudine
1152 3107 1283 3172 priuemus

171 3192 243 3235 eum,
260 3178 304 3240 qui
318 3178 354 3227 ita
367 3177 451 3226 dieat:
471 3177 545 3241 pol'
563 3193 586 3227 e.
603 3193 628 3240 q-.
642 3194 665 3227 s.
689 3177 787 3237 ‘Quint
806 3178 866 3229 huic
878 3176 947 3226 calix
959 3177 1036 3227 mulsi
1049 3176 1221 3243 impingendus
1235 3183 1282 3236 est,

172 3255 198 3295 ut
212 3246 313 3311 plorare
323 3247 442 3297 desinat?
459 3255 503 3295 aut
512 3247 611 3310 aliquid
618 3249 678 3298 ¹eius
687 3248 775 3298 modii
792 3249 859 3298 Eooe
868 3246 915 3295 tibi
928 3262 961 3296 ax
972 3247 1053 3296 altera
1064 3255 1137 3312 parte
1150 3245 1283 3297 abeodem

172 3318 248 3382 poita
263 3315 448 3382 [Andromach.
461 3316 493 3366 fr.
508 3314 564 3382 X].'
589 3317 636 3367 illa
649 3333 706 3368 esse
720 3318 841 3383 Thyestis
851 3316 932 3366 uerba
945 3316 975 3366 0.
989 3316 1131 3367 Ribbeokio
1143 3317 1201 3366 uisa
1213 3323 1282 3376 sunt,

171 3394 278 3451 excepta
290 3386 399 3437 fortasse
413 3401 429 3435 a
442 3387 568 3451 proximis
637 3387 673 3437 Vl
692 3387 780 3440 Cicero
793 3389 870 3439 Tuse.
886 3386 954 3451 disp.
970 3385 1063 3447 11112,
1079 3387 1113 3438 26
1129 3385 1283 3452 ‘aegritudi-

171 3471 229 3505 nem
241 3493 247 3504 .
257 3493 264 3505 .
274 3493 280 3505 .
291 3457 451 3523 depellamus
462 3493 469 3506 .
480 3494 486 3507 .
497 3493 502 3505 .
515 3456 598 3520 qualis
610 3458 679 3506 enim
691 3458 739 3509 tibi
751 3458 795 3508 iile
804 3459 906 3508 uidetur
918 3455 1068 3520 Tantalo'
1084 3474 1106 3509 e.
1117 3474 1143 3520 q.
1153 3473 1176 3507 s.
1198 3457 1282 3506 ‘louis

174 3584 381 3596 ———-—

212 3673 265 3731 392
287 3669 391 3741 cogitet
411 3666 532 3725 Wdea'd.
589 3709 593 3716 -
617 3673 672 3729 393
691 3669 1027 3728 sementariarum.
1041 3677 1185 3728 senectute
1199 3671 1264 3728 libra·

212 3758 265 3816 395
286 3755 323 3809 mi
342 3753 453 3811 Grotius
466 3753 538 3811 Bidl.
552 3756 614 3810 erit.
629 3771 694 3812 nou.
709 3754 729 3811 I
733 3755 765 3812 V.
780 3755 849 3812 mihi
862 3756 927 3827 iibri
1008 3760 1062 3817 396
1078 3759 1156 3814 lassa
1178 3756 1282 3812 deo

169 3837 247 3897 Mon.
262 3841 279 3896 b
364 3838 475 3895 aooidat
489 3838 560 3896 Gatd.
575 3839 643 3913 Rep.
658 3839 734 3896 Pan.
750 3840 839 3897 Bern.
855 3842 913 3896 alii.
927 3840 1040 3898 oooidat
1053 3841 1144 3898 nem.
1168 3841 1248 3897 Viad.
1263 3855 1282 3893 a

168 3922 246 3982 Mon.
272 3943 292 3981 a
318 3926 437 3998 quinque
466 3922 556 3980 Oxou.
664 3927 717 3985 397
746 3943 830 3982 socru
854 3925 1005 3983 Batnae.
1033 3942 1133 3982 socero
1157 3926 1223 3981 ltort

212 4015 266 4070 398
289 4012 376 4082 raptis
392 4009 464 4066 cud.
479 4008 549 4082 Rey.
564 4009 654 4066 Bern.
675 4012 725 4067 alti
743 4012 805 4068 odd.
821 4010 939 4066 Daunii.
963 4016 1059 4082 raptus
1081 4015 1108 4066 et
1121 4025 1212 4082 supra
1232 4010 1281 4064 liu.
1373 4067 1380 4081 ,

170 4096 258 4165 ruptis
274 4095 366 4152 neno.
380 4095 465 4151 raetis
480 4092 573 4151 Mari.
590 4101 687 4167 raptus
701 4095 774 4153 ltu.
788 4094 879 4152 Oxou.
893 4110 967 4151 unus
1051 4101 1180 4150 nanetust
1196 4093 1281 4166 Trap-

170 4178 265 4235 derus.
287 4186 406 4236 nanetus
422 4178 492 4236 θεαὶ.
504 4178 574 4252 Ray.
595 4187 694 4236 nactus
709 4188 753 4236 est
766 4180 840 4238 Pon
854 4180 943 4234 nactis
958 4177 1048 4235 nera.
1063 4196 1100 4234 m.
1113 4197 1161 4252 pr.
1183 4185 1281 4236 nactus

172 4260 263 4317 Maro.
280 4270 380 4319 nactus
386 4265 476 4319 ceteri
487 4264 559 4320 uitri.
579 4271 690 4320 naetust
706 4264 847 4322 nameus
933 4264 1008 4320 nutis
1024 4261 1095 4336 Rea.
