2932 4942
230 370 293 435 170
507 417 510 420 «
673 374 901 471 evuertium

230 548 281 615 set
304 567 401 638 quam
422 543 602 628 SaturnuS,
629 543 750 614 idcirco
769 546 802 613 et
819 544 907 635 quod
930 542 1063 614 uidebat
1083 551 1220 616 matrem
1244 549 1344 639 atque

230 670 365 718 sorores
388 670 468 716 suas
488 670 623 738 operam
644 648 723 717 dare
739 651 776 716 ut
791 647 955 718 Saturnus
977 654 1150 740 regnaret,
1178 651 1345 719 concessit

173 755 211 815 10
231 753 260 821 ei
285 755 319 820 ut
344 752 373 819 is
395 756 559 842 regnaret.
608 751 721 842 ltaque
743 755 860 841 pactus
881 756 932 821 est
958 773 1032 821 cum
1053 753 1215 836 Saturno,
1242 752 1289 821 uti
1314 753 1344 822 si

231 855 308 947 quid
337 855 475 923 liberum
500 854 604 923 uirilis
633 875 736 922 sexus
753 853 794 942 ,ei
823 857 934 922 natum
960 858 1068 940 esset,
1102 879 1143 924 ne
1176 856 1342 925 educaret.
1392 925 1394 928 Α

230 959 264 1027 ld
287 959 359 1027 eius
387 957 431 1025 rei
458 979 562 1026 causa
582 957 674 1042 lecit,
702 955 749 1025 uti
770 957 810 1025 ad
838 979 919 1027 suos
946 961 1068 1050 gnatos
1089 981 1230 1052 regnum
1251 959 1344 1028 redi-

231 1065 289 1130 ret.
330 1061 412 1129 Tum
435 1060 578 1130 Saturno
597 1060 685 1129 filius
707 1059 762 1153 qui
782 1059 907 1150 primus
932 1064 1114 1146 natusest,
1143 1084 1217 1133 eum
1240 1084 1344 1130 neca-

230 1169 359 1233 uerunt.
395 1164 521 1232 Deinde
544 1164 710 1255 posterius
730 1163 796 1232 nati
817 1167 894 1232 sunt
912 1164 1052 1255 gemini,
1081 1165 1226 1258 luppiter
1243 1168 1344 1257 atque

173 1268 321 1336 151un0.
362 1267 444 1335 Tum
466 1267 623 1335 lunonem
640 1266 784 1336 Saturno
808 1267 839 1334 in
863 1271 1077 1357 conspectum
1101 1269 1222 1338 dedere
1243 1276 1343 1360 atque

229 1371 342 1441 louem
364 1370 447 1440 clam
473 1370 680 1439 abscondunt
706 1370 851 1461 dantque
877 1393 951 1439 eum
972 1370 1097 1440 Vestae
1125 1371 1342 1456 educandum,

230 1475 376 1544 celantes
408 1472 596 1543 Saturnum.
647 1474 728 1542 Item
759 1473 947 1564 Neptunum
982 1475 1066 1544 clam
1097 1474 1241 1545 Saturno
1271 1473 1344 1564 Ops

229 1577 330 1668 parit,
366 1599 507 1668 eumque
529 1575 713 1645 clanculum
741 1576 922 1646 abscondit.
974 1577 1026 1646 Ad
1046 1579 1187 1649 eundem
1208 1580 1344 1649 modum

230 1681 326 1749 tertio
361 1685 457 1771 partu
487 1677 557 1770 Ops
592 1680 677 1770 parit
713 1679 866 1771 geminos
899 1681 1072 1750 Plutonem
1107 1686 1139 1751 et
1173 1682 1366 1752 Glaucam

170 1789 210 1849 20
229 1776 326 1854 Pluto
345 1784 461 1853 Latine
483 1787 534 1852 est
553 1782 613 1852 Dis
635 1786 745 1873 pater:
775 1783 828 1853 alii
846 1780 967 1853 Orcum
991 1789 1120 1854 uocant.
1167 1786 1214 1856 lbi
1234 1785 1343 1855 Glau-

229 1910 300 1958 cam
329 1887 430 1957 filiam
453 1887 596 1956 Saturno
626 1887 818 1971 ostendunt,
851 1891 884 1956 at
908 1887 1011 1956 filium
1034 1887 1210 1966 Plutonem
1235 1889 1344 1960 celant

228 1996 327 2084 atque
350 1991 565 2060 abscondunt.
605 1990 731 2059 Deinde
753 1989 878 2060 Glauca
903 2002 1008 2082 parua
1036 1993 1202 2062 emoritur.
1251 1993 1344 2062 Haec
1430 2023 1442 2034 ·

227 2098 264 2162 ut
284 2093 406 2185 scripta
428 2100 505 2163 sunt
525 2093 613 2162 louis
636 2094 840 2186 fratrumque
869 2095 941 2162 eius
964 2094 1064 2185 stirps
1086 2099 1185 2188 atque
1210 2118 1343 2189 cogna-

227 2198 273 2267 tio
294 2199 326 2267 in
346 2197 433 2266 hunc
454 2197 589 2266 modum
611 2198 707 2266 nobis
727 2220 770 2266 ex
789 2219 884 2267 sacra
903 2197 1080 2289 scriptione
1101 2199 1219 2268 tradita
1238 2203 1299 2269 est.

760 2347 808 2415 lV

169 2486 210 2546 25
332 2477 458 2546 Deinde
484 2478 579 2547 Titan
604 2480 778 2570 postquam
808 2475 942 2545 resciuit
969 2477 1113 2548 Saturno
1142 2479 1229 2549 filios
1258 2504 1343 2570 pro-

229 2585 358 2648 creatos
388 2583 488 2672 atque
523 2581 682 2650 educatos
709 2602 785 2649 esse
815 2579 915 2665 clam,
951 2582 1078 2650 seducit
1112 2604 1224 2652 secum
1254 2584 1343 2655 filios
1453 2576 1454 2580 ¹

228 2705 316 2752 suos·
333 2684 388 2775 qui
404 2684 508 2752 Titani
531 2689 708 2770 uocantur,
736 2684 936 2774 fratremque
960 2707 1057 2753 suum
1079 2684 1257 2755 Saturnum
1286 2692 1343 2757 at-

227 2809 292 2879 que
312 2785 415 2877 Opem
438 2788 684 2878 comprehendit
705 2809 831 2879 eosque
851 2808 945 2856 muro
962 2788 1154 2881 circumegit
1172 2794 1204 2859 et
1223 2795 1343 2861 custo-

226 2890 311 2959 diam
335 2890 386 2958 his
405 2891 549 2980 apponit.

765 2993 799 3061 V

332 3124 515 3195 Columella
533 3124 615 3193 ixa
644 3130 720 3192 ‘nec
745 3146 825 3192 sane
851 3122 973 3191 rustico
997 3123 1132 3215 dignum
1153 3126 1204 3191 est
1222 3123 1343 3192 scisci-

226 3229 304 3313 tari,
346 3228 486 3296 tueritne
523 3227 640 3295 mulier
674 3226 893 3317 pulcherrima
930 3226 1041 3316 specie
1077 3227 1210 3296 Melissa
1242 3249 1343 3317 quam

228 3331 372 3422 luppiter
398 3332 430 3398 in
460 3353 553 3421 apem
582 3331 744 3399 conuertit
773 3352 815 3398 an
847 3333 883 3398 ut
912 3329 1170 3399 Euhemerus
1199 3332 1343 3420 poeta'

225 3550 235 3597 l
249 3562 271 3594 c.
282 3547 313 3596 14
331 3550 412 3595 ‘nunc
425 3547 545 3609 quoniam
560 3546 591 3595 ab
602 3545 643 3595 iris
657 3559 722 3607 quae
732 3543 875 3593 rettulimus
889 3543 1072 3607 aliquantulum
1089 3543 1277 3594 sacrahistoria
1288 3546 1344 3594 dis-

228 3617 318 3675 sentit,
338 3617 484 3680 aperiamus
503 3630 614 3678 eaquae
633 3615 701 3662 ueris
722 3613 812 3662 litteris
835 3615 1009 3673 continentur,
1029 3630 1061 3664 ue
1079 3617 1211 3679 poetarum
1230 3616 1343 3680 ineptias

227 3689 253 3736 in
278 3686 430 3735 accusandis
450 3685 620 3751 religionibus
639 3684 712 3747 sequi
732 3698 762 3732 ac
776 3683 885 3747 probare
905 3684 1048 3734 uideamur.
1080 3685 1148 3733 Haec
1168 3684 1243 3733 Ennii
1261 3685 1344 3734 uerba

227 3765 298 3806 sunt:
327 3757 401 3804 exin
499 3753 625 3803 tradita
647 3759 703 3801 est.
746 3753 809 3802 Item
830 3753 909 3818 paulo
930 3753 1071 3818 posthaec
1092 3753 1180 3803 infert:
1208 3754 1342 3803 deinde'

227 3844 250 3877 e.
266 3842 290 3888 q.
307 3841 328 3874 s.
364 3825 464 3874 Verba:
483 3823 561 3872 ‘haee
573 3829 601 3870 ut
615 3822 711 3886 scripta
723 3823 795 3870 sunt’
817 3839 840 3872 e.
857 3838 881 3886 q.
897 3838 919 3871 s.
941 3837 973 3871 ue
994 3824 1051 3885 quis
1065 3823 1191 3873 Lactantii
1212 3838 1268 3873 esse
1282 3839 1343 3873 cen-

228 4019 381 4105 ἅριστος
433 4020 436 4025 ’
470 4028 506 4082 20
532 4021 659 4092 Dispater
683 4022 749 4093 aliq.
776 4023 840 4077 libri
858 4019 943 4077 Iseei.
974 4023 1109 4096 diispater
1135 4028 1194 4080 ciue
1223 4024 1343 4094 dispiter

227 4117 276 4170 alii
288 4113 427 4184 Lenqletii.
444 4108 579 4178 diespiter
594 4108 671 4162 multi
683 4106 747 4162 lieri
761 4113 787 4161 et
794 4108 947 4179 pleraeque
961 4109 1024 4163 edd.
1054 4110 1096 4182 Of.
1116 4110 1209 4166 Verre
1219 4110 1253 4164 de
1264 4108 1298 4163 L.
1307 4109 1341 4164 L.

234 4199 258 4253 V
277 4204 312 4257 66
332 4197 373 4252 M.
465 4200 497 4252 21
521 4209 554 4247 ac
577 4193 659 4264 ιιιιὶρο
750 4198 786 4252 28
809 4208 888 4246 muro
909 4194 1074 4265 circumegit
1089 4196 1217 4266 plerique
1232 4193 1296 4248 titri
1315 4201 1344 4250 et

227 4284 288 4337 edd.
306 4297 408 4337 omnes.
425 4295 521 4336 muros
537 4278 701 4350 circumegit
714 4277 769 4335 duo
786 4276 856 4350 Req.
874 4294 991 4350 quorum
1003 4280 1075 4335 alter
1089 4284 1129 4334 est
1143 4280 1342 4335 uetustissimus
