2932 4942
599 346 839 415 anurovrnn
1215 336 1277 405 loo

267 516 378 586 Haece
399 521 536 607 propter
555 516 702 606 luppiter
722 518 801 585 sunl
820 516 884 585 ista
904 540 989 609 quae
1008 515 1081 586 dico
1100 516 1168 602 tibi,

270 619 431 705 Quoniam
450 619 598 689 mortalis
616 623 715 711 atque
732 620 833 689 urbes
851 620 1033 713 beluasque
1051 619 1157 689 omnis
1177 619 1277 690 iuuat.

683 754 759 825 VIII

754 895 761 907 ·
870 859 1071 951 Proserpina

312 1062 589 1151 EVHEIIIERVS
616 1062 719 1132 SIVE
747 1061 895 1133 SACRA
921 1059 1129 1134 HISTORIA

715 1232 729 1302 I

240 1387 246 1399 -
270 1351 364 1421 Initio
384 1350 510 1441 primus
532 1348 565 1417 in
582 1350 679 1420 terris
697 1351 870 1443 imperium
889 1373 1053 1421 summum
1074 1349 1195 1421 Caelus
1216 1351 1282 1421 ha-

167 1455 254 1524 buit:
284 1454 312 1523 is
337 1454 369 1523 id
390 1475 531 1548 regnum
554 1476 619 1524 una
645 1455 898 1526 cumfratribus
926 1455 996 1558 suis¹
1021 1453 1159 1526 instituit
1183 1458 1282 1549 atque

168 1558 306 1651 parauit.

710 1661 738 1731 II

271 1777 461 1848 Lactantius
477 1778 548 1847 Diu.
565 1779 643 1847 lnsl.
660 1779 714 1848 Ic.
731 1788 767 1848 11
795 1783 907 1848 ‘sacra
926 1800 1008 1848 uero
1029 1777 1168 1848 historia
1186 1780 1283 1849 etiam

167 1886 243 1952 ante
271 1882 464 1951 consedisse
495 1881 540 1949 illi
570 1882 715 1974 aquilam
741 1882 774 1950 in
808 1880 914 1972 capile
944 1885 1043 1974 atque
1067 1881 1112 1950 illi
1143 1905 1284 1975 regnum

168 1985 378 2078 portendisse
406 1987 557 2053 testatur.
598 1984 657 2054 Cui
682 2007 766 2076 ergo
789 1984 977 2054 sacrificare
997 1985 1143 2075 Iuppiter
1166 1985 1283 2077 potuit,

168 2088 230 2159 nisi
247 2087 349 2158 Caelo
370 2087 459 2156 auo?
482 2109 579 2179 quem
599 2088 675 2157 dicit
690 2087 895 2157 Euhemerus
912 2088 950 2157 in
969 2086 1153 2158 Oceania
1172 2112 1284 2158 mor-

168 2197 281 2261 tuum
308 2194 345 2259 et
370 2190 409 2259 in
430 2191 582 2281 oppido
607 2191 784 2260 Aulacia
806 2191 1036 2283 sepullum'
1084 2189 1285 2279 (Oceania

169 2318 230 2364 sex
249 2295 333 2386 Reg.
361 2294 445 2362 inter
462 2315 547 2387 quos
573 2294 787 2363 uetustissimi
804 2299 836 2363 el
852 2294 963 2385 optimi
980 2296 1057 2363 duo.
1079 2293 1286 2367 Occeania

168 2399 240 2468 siue
261 2395 449 2468 Occeana
469 2397 542 2467 siue
563 2393 737 2468 Octauia
755 2397 808 2467 alii
830 2398 916 2488 libri)

705 2535 747 2603 III

273 2634 360 2703 Exin
380 2635 545 2705 Saturnus
563 2659 702 2706 uxorem
721 2638 816 2707 duxit
833 2635 948 2727 Opem.
992 2637 1085 2706 Titan
1106 2637 1161 2729 qui
1181 2637 1286 2706 maior

168 2741 248 2807 natu
273 2741 344 2806 erat
370 2738 515 2829 postulat
542 2742 578 2806 ut
601 2740 672 2829 ipse
694 2743 859 2831 regnaret.
901 2740 947 2808 Ibi
971 2740 1076 2808 Vesta
1099 2743 1203 2808 mater
1221 2750 1326 2808 eo-5

170 2862 242 2907 rum
262 2842 294 2906 et
321 2860 457 2908 sorores
478 2838 579 2909 Ceres
603 2846 701 2932 alque
725 2839 795 2931 Ops
816 2842 964 2921 ‚suadent
987 2841 1150 2925 Saturno,
1184 2845 1222 2910 ut
1244 2841 1286 2910 de

170 2962 277 3033 regno
296 2963 361 3009 non
378 2942 538 3010 concedat
558 2943 659 3011 fratri.
698 2943 743 3012 lbi
763 2944 859 3012 Titan
878 2944 933 3036 qui
955 2944 1037 3012 facie
1060 2944 1203 3013 deterior
1226 2964 1286 3011 es-

172 3143 245 3201 luno‚
265 3141 342 3204 quod,
362 3149 390 3190 ut
404 3143 440 3191 ait
452 3143 563 3191 Ennius:
584 3143 674 3193 istic'
690 3161 714 3194 e.
729 3161 753 3207 q.
769 3160 791 3194 s.
863 3144 923 3193 VIII
943 3144 1025 3193 Varro
1039 3144 1071 3195 de
1082 3146 1112 3194 L.
1125 3146 1155 3195 L.
1171 3146 1194 3194 V
1208 3145 1242 3197 68
1251 3146 1285 3196 Μ.

173 3212 248 3261 ‘hinc
267 3211 437 3276 Epicharmus
458 3213 523 3261 Enni
548 3213 775 3278 Proserpinam
800 3229 900 3277 quoque
931 3213 1059 3278 appellat,
1091 3215 1175 3278 qnod
1198 3215 1289 3265 solet

172 3297 246 3332 esse
260 3282 316 3330 sub
332 3282 451 3330 terris!
471 3282 573 3346 (Enni
588 3282 662 3332 Goth.
679 3284 774 3332 Ennii
791 3281 882 3346 ceteri>

207 3352 382 3400 Evnnrosnvs
418 3352 429 3399 l
448 3350 596 3400 Lactantius
615 3353 673 3400 Iliu.
691 3355 750 3402 Inst.
769 3355 779 3402 I
799 3371 821 3414 c.
839 3352 868 3403 13
884 3352 995 3400 ‘Ennius
1012 3353 1115 3415 quidem
1136 3355 1167 3403 iu
1184 3353 1289 3404 Euhe-

173 3435 256 3470 mero
272 3435 321 3468 non
338 3422 449 3485 primum
464 3421 526 3470 dicit
542 3436 664 3487 regnasse
676 3422 827 3482 Salumum‚
847 3422 893 3473 sed
904 3422 1020 3470 Vrauum
1034 3432 1142 3487 patrem.
1172 3425 1287 3484 Initio,

172 3490 269 3552 inquit,
289 3491 425 3555 prImus¹
446 3506 538 3553 e.q.s.
565 3491 603 3541 ot.
615 3492 733 3556 Epilome
743 3508 765 3542 c.
777 3494 807 3543 14
878 3491 922 3540 III.
935 3492 970 3540 IV
987 3491 1134 3543 Lactantius
1148 3493 1208 3543 Diu.
1225 3496 1288 3544 lust.

215 3669 246 3721 ll
268 3663 376 3718 haecce
399 3663 570 3736 Spenqelius.
595 3665 648 3720 hec
673 3666 752 3722 Flor.
775 3664 847 3722 hacc
870 3665 955 3721 ceteri
974 3664 1045 3720 iibri.
1071 3667 1157 3724 istaec
1180 3668 1286 3724 Turne

171 3748 221 3804 bus
306 3749 410 3819 Iupiter
422 3749 500 3804 Flor.
588 3757 621 3809 12
637 3752 767 3822 quoniam
783 3750 815 3807 0.
826 3750 1055 3826 Muelleruaqua
1066 3752 1146 3808 Flor.
1157 3769 1219 3809 cum
1225 3755 1288 3825 ple-

171 3835 273 3906 risque.
287 3835 351 3904 quia
360 3833 457 3889 Houn.
470 3841 500 3889 ut
511 3837 566 3891 uid.
654 3837 778 3891 mortalis
791 3838 868 3895 Flor.
880 3853 941 3891 cum
953 3838 1050 3890 ceteris
1135 3839 1290 3909 beluasque

171 3919 250 3975 Flor.
266 3920 429 3989 belluasque
447 3921 532 3974 ceteri
615 3920 687 3975 ornis
706 3923 785 3977 Flor.
804 3938 902 3976 omnes
917 3923 1003 3974 ceteri

214 4009 229 4061 1
254 4001 354 4058 Caelus
371 4004 442 4058 libri.
461 4005 576 4060 Vranus
591 4005 721 4061 editiones
805 4012 823 4063 2
844 4007 903 4060 suis
920 4004 972 4058 sibi
989 4004 1106 4058 Instituit
1119 4003 1244 4075 Epilome

214 4088 230 4143 'l
253 4088 325 4141 facie
341 4087 463 4142 deterior
479 4091 604 4161 plerique
621 4091 693 4145 libri.
709 4091 790 4144 tacite
809 4089 931 4143 deterior
946 4105 963 4140 a
965 4089 1012 4157 qu.
965 4087 1091 4141 Ilibri
1106 4103 1167 4141 cum
1181 4089 1284 4158 pleris-

172 4182 225 4238 que
239 4170 299 4227 edd.
334 4171 378 4242 Cf.
394 4171 489 4243 Sibyll.
508 4174 601 4229 Oorm.
620 4173 675 4228 III
693 4176 744 4232 127
765 4170 818 4227 καί
833 4191 850 4246 ρ
854 4159 1005 4266 ’ἔκριναν
990 4167 1151 4271 βασιλῆα
1168 4160 1287 4245 Κρόνον

172 4239 293 4307 πάντων
318 4245 486 4328 βασιλεύειν
512 4246 633 4315 Οῧνεκά
658 4272 704 4312 τοι
730 4239 959 4332 πρέσβιστός’
930 4273 946 4310 τ
982 4240 1023 4335 ἦν
1047 4271 1081 4332 γε
1105 4248 1157 4312 καὶ
1182 4248 1287 4326 εἶδος
