2932 4942
498 369 795 430 tucnnronvu
819 374 1046 432 trutinavit

752 541 799 611 XI

487 652 491 664 “
550 662 669 748 topper
692 680 908 750 quemnemo
929 661 1047 731 melius
1066 664 1128 733 scil

745 793 805 863 XII

507 964 515 978 .
569 964 577 980 .
631 912 673 981 ad
694 915 859 980 armenias
880 913 984 1004 ipsius
1006 915 1140 983 easdem

729 1048 813 1116 XIII

630 1165 692 1234 Irae
712 1167 806 1234 niues

757 1421 866 1489 buxus
888 1439 1037 1486 araneae

461 1704 463 1707 ·
530 1663 655 1741 'buxus
676 1673 780 1760 uicta,
808 1678 906 1742 taxus
928 1676 1026 1740 tonsa

731 1822 811 1891 XVI

424 1944 523 2032 atque
547 1965 659 2033 genua
681 1939 863 2031 comprimit
886 1944 1067 2031 artagena

215 2152 253 2191 est
273 2141 338 2190 libro
358 2143 488 2191 secundo.'
525 2143 562 2192 XI
581 2144 671 2192 Festus
688 2160 714 2209 p.
730 2141 782 2194 352
794 2142 829 2191 M.
856 2140 975 2193 ‘Sinnius
993 2156 1053 2190 uero
1073 2142 1123 2190 sia:
1142 2148 1259 2206 topper
1277 2140 1331 2191 for-

216 2220 284 2259 tasse
304 2211 371 2260 ualet
389 2211 415 2259 in
429 2213 494 2260 Enni
510 2221 534 2262 et
546 2213 623 2262 Pacui
644 2214 756 2279 scriptis.
778 2211 848 2276 apud
866 2211 974 2260 Ennium
995 2219 1046 2260 est:
1067 2212 1170 2276 topper*
1191 2228 1213 2260 e.
1231 2227 1255 2274 q.
1271 2226 1293 2259 s.

250 2281 297 2328 XII
317 2280 422 2329 Seruius
445 2282 549 2331 inAen.
566 2283 667 2334 111540
686 2284 820 2332 ‘dixerunt
838 2282 914 2329 etiam
936 2282 1035 2354 antiqui
1054 2289 1198 2329 armenta
1216 2281 1243 2329 in
1255 2279 1330 2330 femi-

216 2351 285 2398 niuo.
314 2351 409 2398 Ennius
424 2351 471 2398 ...'
500 2351 597 2400 Nonius
611 2368 637 2417 p.
655 2352 712 2411 190,
726 2351 761 2403 20
779 2354 940 2400 ‘armenta
954 2366 1047 2416 genere
1061 2360 1149 2400 neutro
1164 2350 1329 2416 plerumque3

216 2418 339 2468 lennnino
361 2420 472 2468 Ennius:
496 2420 605 2486 ipsius
620 2422 659 2470 ad
679 2427 840 2471 armentar
860 2421 1003 2479 eosdem;
1024 2420 1056 2469 ad
1069 2422 1200 2471 armenta)
1235 2421 1330 2470 Paulus

217 2489 285 2537 l'esti
300 2504 326 2553 p.
341 2490 358 2538 4
372 2488 405 2537 Μ.
431 2492 622 2541 ‘armentum
642 2491 669 2540 id
682 2505 763 2556 genus
776 2491 877 2554 pecoris
891 2490 1049 2555 appellatur,
1069 2491 1138 2554 quod
1152 2497 1190 2540 est
1209 2491 1328 2540 idoneum

216 2558 250 2606 ad
266 2573 331 2623 opus
349 2573 485 2607 armorum.
518 2563 635 2610 Inuenies
650 2568 734 2610 tamen
752 2559 874 2610 feminine
892 2571 1055 2610 armentas
1074 2561 1144 2625 apud
1156 2560 1263 2608 Ennium
1282 2574 1329 2624 po·

218 2628 314 2676 situm!
350 2628 390 2677 Ad
404 2628 463 2678 Caci
478 2631 521 2691 qui
535 2631 615 2680 boues
629 2631 745 2681 Herculis
758 2630 879 2694 abegerat
895 2631 1064 2680 narrationem
1080 2631 1157 2680 refert
1171 2629 1295 2679 Columna

252 2697 314 2747 XIII
341 2700 454 2747 Incertus
476 2699 508 2748 de
530 2702 667 2765 generibus
686 2701 816 2749 nominum
841 2715 867 2764 p.
887 2699 921 2748 89
943 2699 984 2749 ed.
1005 2702 1099 2765 Haupt.
1132 2701 1202 2749 ‘nix
1226 2700 1330 2765 generis

218 2768 348 2826 feminini,
367 2776 395 2816 ut
408 2769 505 2817 Ennius
521 2771 565 2818 ...¹
637 2770 698 2821 XIV
717 2769 814 2819 Nonius
828 2785 854 2834 p.
872 2768 929 2828 192,
946 2769 978 2819 13
1002 2774 1155 2820 ‘araneae
1175 2763 1329 2818 etleminini

118 2859 122 2868 ·
217 2845 276 2887 sunt
289 2839 391 2903 generis
405 2863 440 2875 —
454 2865 486 2874 -
502 2841 599 2889 Ennius
614 2841 659 2889 ...’
730 2839 784 2892 XV,
798 2838 895 2888 Nonius
907 2854 934 2904 p.
951 2839 1009 2899 194,
1023 2838 1057 2889 23
1078 2840 1206 2888 ‘buxum
1225 2839 1329 2903 generis

216 2909 299 2958 neutri
379 2907 496 2958 feminIni
512 2910 609 2959 Ennius
625 2910 677 2959 ...’
747 2908 808 2958 XVI
832 2909 945 2958 Isidorus
963 2908 1032 2974 Orig.
1055 2909 1091 2957 XI
1112 2909 1125 2958 1
1151 2913 1250 2974 ‘genua
1270 2915 1329 2957 sunt

217 2978 409 3027 commissIones
423 2977 547 3029 femorum
563 2988 587 3029 et
604 2995 704 3029 crurum
721 2987 745 3028 et
759 2978 827 3028 dicta
840 2994 924 3044 genua
936 2993 966 3027 eo
981 2978 1049 3041 quod
1067 2980 1093 3027 in
1107 2987 1177 3027 utero
1191 2979 1242 3026 sint
1255 2979 1329 3042 genis

220 3049 347 3113 opposita.
384 3047 525 3098 Cohaerent
547 3051 615 3098 enim
636 3051 684 3099 ibi’
705 3048 787 3114 (sibi
804 3048 850 3097 ibi
864 3046 956 3113 uulgo)
976 3053 1015 3097 ‘et
1035 3057 1143 3113 cognata
1160 3055 1218 3096 sunt
1237 3047 1329 3106 oeulis,

197 3172 204 3188 ι
220 3118 382 3168 lacrimarum
396 3118 524 3168 indicibus
537 3127 561 3168 et
574 3119 775 3170 misericordiae.
801 3117 865 3166 Nam
880 3133 896 3166 a
909 3119 983 3182 genis
996 3132 1079 3182 genua
1095 3118 1221 3167 dicuntur.
1250 3117 1329 3166 Deni-

219 3204 268 3251 que
286 3188 466 3251 complicatum
485 3189 558 3254 gigni
577 3190 733 3252 formarique
753 3187 882 3236 hominem
900 3187 1001 3246 dicunt,
1025 3188 1061 3236 ita
1078 3195 1103 3235 ut
1122 3201 1206 3253 genua
1226 3201 1328 3235 sursum

217 3259 283 3317 siut,
307 3257 400 3319 quibus
419 3258 486 3307 oculi
504 3259 659 3320 formantur,
684 3267 711 3307 ut
730 3258 787 3306 caui
806 3265 830 3306 et
849 3257 973 3306 reconditi
992 3256 1062 3306 liant.
1096 3258 1206 3306 Ennius:
1231 3264 1328 3318 atque

170 3318 174 3326 ’
217 3342 322 3392 genua
343 3328 527 3392 comprimit
549 3338 619 3378 arta
639 3343 735 3394 gena..
763 3326 825 3376 Inde
843 3336 881 3376 est
898 3327 966 3389 quod
978 3326 1103 3386 homines,
1123 3327 1184 3375 dum
1197 3325 1230 3375 ad
1243 3341 1329 3390 genua

216 3413 245 3446 se
257 3403 428 3461 prosternunt,
443 3398 528 3446 statim
541 3398 712 3448 lacrimantur.
731 3395 820 3445 Voluit
833 3397 899 3446 enim
914 3411 957 3445 eos
971 3403 1061 3445 natura
1073 3404 1171 3445 utemm
1186 3402 1329 3444 maternum

217 3467 360 3525 reuocare'‚
389 3465 571 3531 (remorare
594 3467 677 3518 Guelf.
699 3468 758 3516 duo.
779 3467 989 3515 rememorari
1011 3464 1104 3531 uulgo)
1128 3466 1190 3514 ‘ubi
1210 3465 1283 3529 quasi
1301 3465 1329 3513 iu

182 3580 188 3586 .
216 3535 328 3584 tenebris
344 3535 518 3595 considebant,
538 3545 672 3600 antequam
687 3537 849 3602 peruenirent
865 3536 897 3585 ad
911 3535 1011 3585 lucern'
1042 3536 1128 3585 Verba
1140 3550 1205 3597 quae
1217 3542 1275 3583 sunt
1290 3533 1330 3584 ad

217 3618 318 3670 genua
391 3604 599 3656 lacrimantes
614 3608 738 3658 Columna
756 3613 885 3667 tamquam
899 3606 1076 3655 hexametrum
1089 3606 1164 3654 Ennii
1178 3604 1329 3669 fragmentis

217 3673 323 3723 adiecit:
340 3687 485 3737 perperam.
515 3676 598 3737 Atque
611 3678 675 3727 adeo
691 3676 723 3725 de
734 3675 813 3724 altero
828 3676 850 3723 si
863 3676 902 3724 dis
916 3676 1000 3740 placet
1013 3675 1088 3724 Ennii
1103 3674 1210 3723 frustula
1224 3673 1327 3722 dubito:

217 3742 286 3805 quod
311 3741 381 3790 haud
404 3743 457 3792 scio
483 3759 514 3792 an
542 3759 592 3793 non
617 3746 746 3794 diuersum
773 3744 807 3792 sit
830 3744 862 3792 ab
886 3744 942 3793 his:
970 3745 1190 3810 imprimitque
1221 3755 1323 3808 genae

216 3826 328 3878 genam
357 3809 450 3877 [Trag.
472 3811 555 3876 4361,
589 3831 654 3878 quae
674 3815 759 3863 nesci0
779 3811 836 3875 quis
859 3812 892 3862 ad
910 3828 992 3878 genae
1010 3830 1084 3863 usum
1109 3811 1327 3878 comprobandum

216 3881 309 3932 Isidori
327 3882 412 3930 uerbis
430 3884 586 3948 ascripserit.
624 3884 676 3933 Nec
694 3884 761 3932 enirn
782 3881 828 3930 illa
844 3889 871 3930 ut
893 3897 959 3930 nune
980 3883 1099 3948 leguntur
1115 3884 1248 3946 quicquam
1270 3883 1329 3930 sani
1372 3893 1378 3903 ·

216 3959 259 4002 aut
278 3952 311 4002 ad
330 3968 384 4001 rem
398 3953 583 4004 accommodati
599 3955 740 4013 continent,
759 3967 806 4002 nee
820 3958 889 4000 earet
902 3959 929 4000 ut
944 3960 1005 4016 puto
1025 3953 1067 4002 hic
1080 3953 1150 4002 loeus
1167 3952 1257 4002 alienis
1271 3951 1329 4014 qui·

214 4022 323 4072 busdam
339 4022 519 4074 additamentis

229 4215 232 4221 ’
259 4204 293 4257 12
316 4200 405 4271 ipsius
421 4199 458 4253 ad
479 4207 620 4256 armentas
638 4197 754 4255 eosdem
771 4195 877 4254 Nonius
962 4202 996 4255 15
1023 4200 1116 4256 uincta
1136 4196 1246 4255 Iunius.
1272 4197 1330 4256 ieta

213 4282 361 4341 Mercerus
394 4337 402 4352 ,
445 4291 527 4341 taxus
539 4285 650 4343 lunius.
666 4285 738 4341 taxis
754 4283 819 4340 libri
