2932 4942
615 327 845 382 ΕΝΝΙΑΝΑΕ
1198 342 1285 389 Lxlx

173 492 319 552 consentit
339 509 424 568 quam
443 493 471 549 in
495 508 615 549 numero
637 492 756 550 militnm
776 491 956 551 dilectorum.
993 500 1016 552 A
1038 498 1196 553 Brundusio
1210 497 1285 554 enim

172 601 211 656 ait
230 617 293 656 eum
313 602 475 654 iromr‘sisset
494 593 543 672 (Τ.
567 594 753 675 Quinctius),
776 602 928 673 Corcyram
948 605 1032 657 terruit
1052 619 1115 658 creon
1135 611 1194 659 oceo
1215 607 1285 659 miti·

171 709 222 763 mss
247 708 383 778 peditum,
414 705 545 776 equitibus
574 709 742 777 ortinpontis.
786 701 831 760 De
857 702 1001 781 equitibus
1032 705 1148 781 quidem
1176 704 1285 763 Ennius

171 808 258 868 nihil:
281 816 309 867 at
326 813 454 881 insipnita
476 806 641 865 diminuitis
659 812 771 866 militum
790 818 848 866 octo
870 813 950 867 duxit
971 807 1055 887 (Ν).
1091 786 1137 867 Ab
1155 807 1285 884 Corcyra

172 923 268 975 autem
284 916 312 971 in
336 913 468 989 proxima
491 910 573 989 Epiri
595 913 709 971 traiecit
734 922 764 970 et
788 912 815 969 in
839 921 933 971 castra
956 913 1084 974 Romana
1106 916 1218 990 magnis
1240 915 1283 972 iti·
1319 921 1322 928 '

170 1019 289 1079 neribus
306 1016 472 1077 contendit:
501 1017 540 1076 ibi
570 1036 635 1077 cum
658 1018 688 1076 Ρ.
713 1018 830 1076 Villium
861 1022 1021 1096 superioris
1045 1021 1109 1079 anni
1134 1020 1285 1080 consulem

171 1125 344 1198 dimisisset,
375 1124 466 1199 ipsam
489 1122 690 1182 Macedoniam
719 1133 802 1183 recto
832 1125 935 1182 itinere
964 1142 1017 1201 per
1041 1134 1136 1183 castra
1160 1124 1284 1184 hostium

171 1240 327 1310 penetrare
349 1229 468 1307 placuit,
508 1228 593 1301 Quod
616 1247 674 1307 quo
693 1229 780 1287 modo
798 1229 882 1287 lieret
904 1248 968 1288 cum
984 1248 1084 1308 parum
1101 1230 1283 1307 expedirent,

169 1337 233 1397 dies
262 1336 450 1414 quadraginta
477 1337 539 1393 sine
561 1335 622 1394 allo
645 1343 749 1393 conatu
772 1334 911 1393 sedentes
930 1335 957 1392 in
979 1345 1139 1414 conspectu
1158 1336 1283 1395 hostium

170 1442 393 1519 absumpserunt
409 1439 521 1515 (Liuius
534 1439 644 1499 XXXII
655 1441 701 1518 9).
733 1439 803 1501 Cum
820 1443 906 1499 etiam
922 1459 993 1518 spes
1010 1442 1174 1519 conloquiis
1190 1452 1281 1521 temp·

172 1548 275 1608 tandae
301 1547 381 1623 pacis
404 1546 487 1603 inrita
512 1547 686 1620 cecidisset,
716 1555 781 1604 ante
803 1548 944 1605 stationes
966 1546 1157 1607 Macedonum
1186 1549 1282 1608 multis

171 1653 291 1733 proeliis
315 1650 429 1711 leuibus
452 1653 595 1731 utrimque
618 1653 724 1711 frustra
748 1661 904 1729 pugnatum
927 1662 974 1712 est
1002 1652 1115 1730 (Liuius
1135 1654 1154 1713 l.
1171 1654 1190 1713 l.
1216 1656 1281 1734 lo).

126 1752 132 1760 ’
170 1761 241 1820 'lum
258 1757 411 1835 Charopus
427 1758 565 1834 princeps
581 1757 775 1836 Epirotarum,
800 1760 848 1835 qui
863 1749 1041 1837 ‘noctesque
1060 1760 1182 1838 diesque
1202 1761 1284 1820 solli-

170 1857 265 1926 citari'
284 1864 471 1923 Flamininum
494 1863 584 1941 (Ano.
602 1882 629 1921 ιι.
643 1862 719 1941 338)
742 1866 895 1940 comperit,
917 1874 1065 1942 pastorem
1081 1867 1117 1926 ad
1131 1867 1282 1926 consulem

168 1974 268 2045 mittit,
306 1971 354 2048 qui
384 1971 408 2027 si
434 1969 501 2046 quid
527 1971 646 2047 praemii
676 1970 821 2028 relaturus
850 1981 934 2031 esset.
960 1990 1120 2035 securam
1146 1972 1202 2031 Titi
1225 1991 1282 2050 qua

170 2085 350 2154 coqueretur
374 2073 534 2133 leomarum
561 2077 700 2153 promittit
732 2078 776 2150 (ιι.
803 2076 864 2136 339
894 2078 967 2154 sq).
1018 2076 1115 2136 Nosse
1142 2080 1217 2136 enim
1250 2096 1282 2137 se

172 2200 273 2240 omnes
295 2182 432 2240 montium
456 2197 556 2239 eorum
579 2184 627 2257 qni
650 2191 707 2240 tum
730 2185 820 2259 regiis
844 2183 948 2240 castris
974 2182 1148 2241 tenebantur
1172 2184 1283 2244 anlrac·

171 2296 217 2347 tus
245 2285 398 2362 callesque
427 2305 462 2345 ae
490 2296 601 2364 partem
633 2289 782 2365 copiarum
809 2287 1001 2346 Romanarum
1029 2306 1086 2346 non
1111 2290 1209 2367 iniquo
1230 2307 1284 2349 nec

171 2390 336 2471 perdifficili
360 2392 438 2451 aditu
460 2410 550 2470 super
565 2400 653 2470 caput
668 2391 792 2450 hostium
809 2393 989 2453 educturum.
1011 2394 1188 2454 Flamininus
1204 2397 1283 2455 initio

170 2499 317 2558 haesitans
348 2514 406 2556 non
431 2497 501 2556 nihil
528 2497 632 2557 deinde
661 2507 797 2575 quattuor
819 2498 895 2557 milia
924 2499 1002 2557 lecta
1024 2501 1152 2576 peditum
1175 2511 1203 2561 et
1226 2511 1283 2561 tre·

170 2614 274 2665 centos
295 2604 410 2681 equites
435 2605 519 2662 mittit
543 2605 591 2680 qui
611 2623 627 2663 a
650 2613 768 2680 pastore
792 2607 819 2663 in
842 2607 988 2665 cacumina
1004 2605 1194 2666 Macedonum
1219 2621 1283 2663 cas·

169 2688 220 2771 tris
256 2711 420 2769 inminentia
461 2709 754 2768 circumducerentur.
809 2711 892 2784 Quos
925 2718 970 2771 itte
1005 2719 1051 2771 uir
1084 2716 1152 2770 haut
1182 2731 1283 2785 maana

171 2840 232 2879 crem
252 2837 286 2878 re
306 2826 348 2876 sei
365 2805 468 2890 plerru’
491 2820 559 2888 fidei
577 2817 621 2892 (u.
639 2815 717 2895 342)
742 2819 769 2875 in
791 2819 930 2876 uerticem
956 2836 1041 2895 quem
1066 2816 1204 2894 petebant
1224 2814 1282 2873 Ro-

171 2927 244 2984 mani
267 2923 359 2982 trihus
380 2919 514 2980 noctibus
537 2920 589 2996 (ir.
605 2920 661 3000 vt)
684 2958 726 2969 —-
746 2940 860 3000 pernox
883 2923 956 2979 enim
979 2924 1034 2980 iter
1056 2939 1125 2978 esse
1151 2919 1283 2979 Flamini·

170 3051 223 3091 nus
239 3033 364 3089 iusserat
380 3060 423 3071 -
441 3027 584 3103 perduxit.
630 3026 700 3086 Tum
723 3028 776 3099 illi,
800 3027 959 3085 Flaminino
982 3026 1030 3084 uhi
1053 3027 1164 3102 signum
1184 3023 1220 3082 ah
1240 3027 1283 3083 eis

171 3138 288 3214 accepit
323 3143 419 3194 castra
457 3132 580 3192 hostium
607 3131 738 3190 omnibus
764 3133 861 3209 copiis,
889 3139 1095 3208 oppugnante,
1130 3130 1227 3193 suhito
1255 3130 1284 3188 in

169 3243 345 3304 llacadonas
361 3242 389 3298 in
411 3238 599 3298 Flamininum
622 3253 727 3294 uersos
752 3238 887 3314 impetum
911 3255 926 3295 a
950 3246 1034 3314 tergo
1057 3237 1199 3295 lecerunt.

251 3348 295 3408 lta
313 3346 450 3411 contexui
463 3343 534 3402 Liuii
551 3345 613 3402 lere
630 3339 757 3419 (XXXll
768 3341 797 3400 9.
818 3343 865 3401 1o.
887 3343 941 3420 11)
959 3352 987 3401 et
999 3341 1082 3401 Ennii
1097 3343 1196 3402 uerbis
1212 3351 1283 3421 poti·

169 3466 216 3515 tae
232 3454 437 3524 narrationem,
450 3450 527 3508 nmle
543 3450 653 3527 aliquot
669 3466 771 3505 uersus
784 3446 891 3508 Cicero
906 3448 960 3508 Titi
975 3451 1162 3527 praenomine
1180 3449 1282 3510 Flami·

167 3565 235 3620 nino
247 3570 277 3620 et
289 3560 388 3618 Attico
401 3558 543 3614 communi
559 3555 719 3614 admonitus
732 3557 848 3614 ineunte
861 3553 974 3614 Catone
987 3557 1097 3615 maiore
1110 3557 1146 3616 ad
1157 3556 1284 3616 Atticum

167 3685 249 3726 soom
269 3661 507 3725 accommodarit.
531 3660 576 3719 De
589 3660 692 3737 quibus
705 3659 865 3721 Columnae
878 3660 1067 3738 llerulaeqae
1088 3662 1283 3722 hariolationi·

167 3771 221 3831 hus
239 3771 403 3847 Ritteriquc
420 3768 616 3844 disputatione
633 3766 771 3843 (Ephem.
786 3769 873 3845 antiq.
890 3767 1015 3826 Darmst.
1033 3786 1059 3826 a.
1077 3767 1155 3827 1840
1173 3787 1201 3845 p.
1221 3767 1283 3827 379

167 3878 230 3954 sq.)
243 3876 363 3935 reiectis
385 3876 492 3952 optime
507 3871 645 3932 Nicolaus
661 3870 810 3930 hlodoicus
826 3871 935 3949 Opnsc.
952 3873 1033 3932 acad,
1050 3871 1076 3930 ll
1092 3892 1120 3948 p.
1140 3871 1201 3930 291)
1217 3887 1281 3947 sqq.

168 3983 321 4041 disseruit:
346 3983 394 4058 qui
421 3989 449 4038 et
471 3980 542 4038 Liuii
565 3996 650 4056 qnam
669 3980 793 4055 exposui
816 3979 1009 4037 narrationem
1033 3975 1169 4034 indicauit
1187 3983 1217 4031 et
1235 3992 1281 4031 re·

168 4089 262 4148 licuos
294 4089 341 4165 qni
370 4087 492 4145 eandem
523 4103 584 4143 rem
608 4085 765 4159 tetigerunt
794 4086 955 4161 scriptores
987 4083 1107 4143 asciuit:
1136 4078 1281 4139 Plutarchi

167 4193 354 4253 Flamininum
373 4194 404 4267 4,
418 4191 567 4266 Polybium
583 4189 691 4250 XXl'll
709 4189 756 4262 13,
771 4188 930 4248 Diodorum
946 4186 1073 4247 Siculum
1090 4189 1116 4244 in
1132 4187 1281 4262 excerptis
