2932 4942
622 400 852 459 ENNIANAE
1173 411 1290 460 XXXIII

180 565 277 625 locum
292 565 432 649 ‚babuerit
451 566 487 626 ir.
510 563 612 640 XLVI,
632 583 804 644 quamquam
819 583 927 626 uereor
945 574 974 625 ut
1000 568 1029 625 in
1053 566 1177 626 similem
1197 564 1289 628 Ilora·

181 673 276 730 tianae
299 675 471 732 seutentiam
493 671 570 749 apud
593 670 715 731 Ennium
737 670 808 731 luno
831 673 969 732 orauerit.
1014 671 1122 732 Iniecta
1146 673 1221 732 enim
1239 690 1288 732 an·
1355 745 1356 748 Ἴ

178 778 297 856 tiquitus
319 777 455 837 Romanis
479 776 534 836 dea
552 777 622 836 iram
644 778 825 838 insecundo
846 777 961 838 demum
983 775 1064 836 bello
1084 777 1194 837 Purlioo
1214 777 1287 839 deli·

176 884 255 942 uiuit.
291 881 335 942 Gi.
359 877 480 943 Seruius
510 885 538 942 in
560 884 635 943 Aen.
657 883 670 945 I
692 884 771 945 281:
806 890 874 945 bello
894 888 1002 944 Punico
1032 888 1167 957 secundo,
1194 895 1224 943 ut
1250 891 1291 944 ait

175 993 297 1059 Eanum,
332 995 447 1065 placata
477 995 549 1051 Iuno
581 995 703 1066 eoeperit
724 993 828 1065 fouere
859 994 994 1050 Rornom's
1021 986 1105 1066 (VIII
1136 987 1172 1047 fr.
1205 986 1287 1067 XV).

176 1095 252 1169 Quid
276 1098 363 1174 igitur
383 1107 441 1156 tum
461 1097 579 1175 incipiat
601 1096 713 1170 fauere,
734 1113 809 1173 quaa
827 1096 882 1155 iam
904 1105 971 1155 ante
989 1094 1127 1154 Romanis
1150 1102 1181 1153 ut
1203 1095 1288 1171 regni

175 1202 248 1263 fines
271 1203 329 1263 late
359 1204 527 1283 proferrent
550 1197 755 1262 concesserit?
778 1201 837 1261 Sed
861 1201 957 1261 Seruii
991 1199 1062 1260 illud
1093 1199 1287 1258 testimonium

175 1325 240 1366 cum
263 1310 412 1370 conferam
433 1327 497 1369 cum
516 1308 609 1368 altera
630 1325 706 1385 quae
730 1307 825 1367 eidem
845 1306 969 1367 debetur
991 1308 1130 1367 memoria
1155 1307 1184 1365 in
1210 1303 1285 1365 Aen.

175 1412 200 1471 l·
215 1413 271 1474 20:
298 1423 328 1476 iu
349 1422 441 1476 Ennio
466 1423 538 1476 enim
560 1419 701 1475 inducitur
731 1417 858 1491 Iuppiter
875 1418 1040 1489 promittens
1068 1416 1204 1472 Romanis
1235 1395 1286 1471 ex—

174 1525 275 1580 adium
309 1526 484 1598 Curmepmu
516 1519 558 1598 (V
560 1519 600 1581 Ill
630 1521 666 1580 ir.
695 1519 799 1600 XIV),
834 1521 863 1578 in
898 1528 1005 1578 octauo
1040 1535 1158 1596 quoque
1192 1516 1287 1579 anuali

173 1602 198 1684 si
210 1643 268 1686 non
280 1628 397 1706 plenum
410 1644 581 1686 consessum
595 1626 728 1702 deorum,
744 1635 774 1685 at
789 1641 940 1684 sermones
954 1624 1054 1685 Iouem
1069 1626 1145 1684 iuter
1158 1634 1188 1684 et
1200 1623 1285 1684 Iuno·

174 1749 240 1790 uem
269 1733 398 1793 describi
426 1733 577 1792 coniciam.
624 1731 723 1805 Quare
749 1731 883 1807 dubium,
916 1749 952 1790 au
978 1739 1062 1790 recte
1093 1749 1211 1790 uersum
1239 1749 1286 1789 re·

173 1839 376 1911 spondulum
399 1841 535 1896 Saturnia
561 1848 659 1896 sunem
681 1843 796 1897 dearum
820 1834 943 1914 (XLVI)
964 1837 992 1894 in
1013 1837 1134 1915 primum
1154 1836 1287 1897 annalem

174 1940 329 1999 intulerim.
385 1941 445 2001 Sed
472 1940 530 2001 boc
558 1940 710 2001 leuidense
738 1950 793 2001 est.
843 1939 918 2001 Illud
946 1941 1112 2020 quaeritur,
1143 1943 1189 2000 cui
1217 1941 1285 2001 loco

175 2047 299 2105 maxime
322 2055 406 2124 aptus
428 2047 466 2106 sit
488 2049 554 2122 iste,
578 2065 664 2126 quem
682 2047 749 2107 buic
774 2046 850 2106 libro
870 2047 1059 2123 uindioamus,
1079 2046 1199 2107 deorum
1215 2065 1284 2107 con·

174 2169 284 2210 sessus.
319 2151 352 2211 ln
374 2170 430 2232 qua
453 2171 486 2213 re
504 2154 528 2212 si
546 2153 694 2213 Horatium
716 2154 861 2232 sequeris,
885 2170 944 2211 non
962 2150 1107 2212 dubitabis
1131 2154 1199 2231 quin
1216 2162 1283 2214 ante

171 2259 265 2335 ipsum
284 2257 393 2318 obitum
414 2259 544 2335 Romuli,
571 2276 630 2318 non
657 2267 725 2338 post
746 2268 885 2335 mortem,
907 2267 937 2317 ut
958 2258 1088 2318 editores
1119 2259 1283 2336 uoluerunt,

172 2362 353 2423 conlocetur.
399 2365 458 2426 Sed
481 2365 578 2425 obstat
600 2363 721 2425 Ouidius
748 2363 819 2424 liet.
843 2362 912 2423 XIV
935 2362 1014 2424 812:
1057 2375 1086 2424 tu
1106 2369 1174 2425 mibi
1192 2372 1282 2426 emei-

171 2474 206 2528 lio
237 2476 377 2547 quondum
397 2483 549 2548 praesente
577 2476 691 2532 deorum
724 2477 812 2545 (Nom
839 2490 960 2530 memoro
998 2476 1165 2546 memorique
1192 2478 1283 2530 auimo

166 2581 217 2650 pia
243 2581 331 2635 uerba
352 2579 461 2657 notaui)
488 2570 583 2638 ‘Vnus
605 2583 657 2636 erit
686 2596 765 2653 quem
784 2588 813 2636 tu
835 2581 912 2637 tolles
935 2581 965 2634 ia
986 2581 1102 2635 caerulo
1123 2580 1208 2634 coeli’
1231 2580 1286 2638 aa

170 2687 253 2739 misti:
295 2693 360 2742 ruta
393 2689 429 2742 ait
459 2687 609 2742 uerborum
641 2701 749 2741 summa
784 2693 892 2742 tuorum
923 2680 978 2759 (ol.
1012 2679 1092 2741 Fast.
1127 2679 1156 2741 II
1191 2679 1281 2760 485).

171 2786 196 2845 Α
220 2806 278 2866 quo
300 2787 422 2847 Ennium
443 2789 564 2866 respici,
588 2788 653 2866 ipse
676 2805 734 2865 quo
760 2790 848 2848 utitur
877 2806 982 2847 uersus
1005 2786 1152 2848 Ennianus
1183 2795 1280 2846 ostem

170 2892 219 2952 dit.
263 2892 337 2954 Nam
358 2893 517 2954 Ennianum
539 2911 608 2952 esse
634 2892 754 2954 Ouidius
776 2895 892 2972 quidem
914 2911 972 2953 non
991 2893 1078 2969 dicit,
1110 2893 1164 2953 sed
1185 2891 1280 2951 Varro

170 2996 207 3055 de
223 2995 254 3054 t.
272 2996 303 3055 L.
319 2997 374 3057 Vll
385 3000 404 3058 6
417 2998 454 3058 ll.
470 3002 524 3057 etsi
540 3016 597 3057 uon
610 3009 708 3058 monet
723 3008 836 3077 aperte,
852 3008 947 3058 tamen
960 3000 1068 3059 indicat
1080 3015 1137 3056 non
1152 2995 1280 3054 obscure

170 3103 197 3161 ei
220 3103 268 3178 qui
290 3104 370 3160 uouit
391 3119 500 3160 morem
523 3103 672 3161 Varronis.
698 3103 737 3159 At
757 3111 852 3160 tamen
870 3122 908 3161 ex
924 3102 1028 3162 Ouidio
1043 3103 1102 3160 noli
1118 3101 1281 3175 conligere,

171 3209 264 3285 ipsum
284 3207 405 3267 deorum
429 3207 583 3291 concillum
607 3225 665 3266 non
687 3206 811 3285 expandi
835 3208 862 3264 in
884 3205 1050 3280 annalibus,
1074 3206 1126 3264 sed
1159 3204 1279 3262 mentio·

146 3331 236 3372 ‚nem
257 3321 365 3372 tantum
384 3311 471 3371 modo
491 3313 574 3389 quasi
595 3311 682 3371 babiti
699 3310 815 3370 concilii
844 3311 916 3371 lieri.
961 3308 1076 3370 Etenim
1105 3311 1221 3371 diuersa
1243 3307 1279 3369 ab

170 3418 321 3479 annalibus
340 3419 393 3479 iuit
416 3417 510 3478 Ouidii
532 3418 617 3492 ratio,
641 3417 689 3494 qui
713 3434 778 3475 oum
799 3434 847 3475 res
866 3415 1003 3494 plurimas
1027 3417 1114 3476 modo
1139 3417 1279 3495 perstriu-

154 3543 243 3602 ·gere
262 3526 399 3601 iustituat,
423 3525 497 3584 scite
519 3522 670 3583 artificium
697 3522 768 3583 illud
790 3522 911 3582 effinxit.
944 3503 1053 3583 Contra
1070 3521 1200 3602 Iuppiter
1221 3521 1278 3582 Ilu-

169 3632 270 3691 nianns
298 3632 370 3710 ipsis
406 3629 604 3692 adsidentibus
631 3629 675 3690 dis
702 3627 879 3705 genitalibus
905 3628 980 3688 baec
1007 3628 1097 3690 uerba
1127 3648 1199 3689 unua
1228 3636 1282 3688 erit

168 3758 248 3814 quem
272 3749 301 3797 tu
325 3744 401 3798 toties
426 3745 455 3797 in
479 3743 595 3797 coerula
621 3743 693 3796 coeli
719 3742 819 3812 tempta
848 3736 1013 3798 credendus
1041 3745 1086 3796 est
1119 3734 1277 3795 extulisse:

170 3846 251 3904 ouius
270 3846 394 3904 orationi
413 3862 478 3903 num
502 3843 680 3921 praemissus
696 3841 785 3901 inerit
802 3840 850 3901 bio
861 3860 981 3901 uersus:
1004 3845 1104 3918 effudit
1115 3858 1198 3899 uoces
1206 3859 1277 3914 pro-

162 3957 230 4026 prio
254 3972 316 4012 rum
331 3962 444 4027 pectore
458 3963 554 4009 sancto
571 3949 643 4026 (inc.
667 3947 730 4007 sed.
747 3946 872 4026 LXIX),
895 3966 981 4026 quem
1004 3946 1120 4024 quidem
1134 3941 1277 4021 praemitti

170 4059 303 4133 potuisse
326 4074 384 4115 non
406 4046 496 4132 nego,
518 4057 669 4114 incertum.
713 4054 809 4131 Atque
829 4052 882 4112 illo
900 4071 988 4112 uersu
1008 4053 1150 4113 indicatur
1181 4047 1277 4118 etiam,

168 4179 254 4239 quem
278 4165 454 4241 quaerimus,
477 4161 560 4221 locus
582 4161 709 4221 concilii.
743 4157 815 4218 Cum
832 4160 907 4218 enim
930 4174 986 4215 uon
1005 4159 1043 4215 ita
1059 4153 1190 4214 instantis
1206 4158 1276 4208 tem-

169 4268 250 4345 poris
262 4268 348 4331 iuturi
369 4268 502 4329 indicium
521 4269 677 4342 contiueat,
698 4276 756 4325 tum
772 4265 809 4325 de
831 4263 908 4322 ‘uno'
933 4262 1011 4339 quod
1023 4260 1103 4332 dicit,
1124 4257 1160 4318 de
1172 4254 1277 4329 altero,

209 4369 321 4429 Ennius.
1095 4373 1112 4414 θ
