2932 4942
590 333 845 391 PRAEFATIO
1247 343 1287 390 xl

170 508 251 566 exim
272 500 361 586 quod
388 507 439 563 est
459 499 494 561 in
516 495 610 560 Laid.
629 518 651 560 5
679 504 712 561 et
732 495 770 578 b,
798 495 864 560 nisi
882 497 970 582 quod
995 497 1030 561 in
1050 496 1108 561 illo
1130 503 1289 562 mutatum
1372 492 1382 503 '

172 620 206 682 in
226 627 300 684 euin
386 621 434 683 46.
455 614 696 696 5555555551.
719 637 741 680 5
760 613 793 679 5.
812 622 933 695 counita
957 615 1052 682 Leid.
1071 638 1091 681 5
1173 623 1289 694 55555·

171 742 230 802 due
254 735 475 801 11551555
560 739 612 799 47.
637 735 677 798 48
707 734 839 799 inuerso
861 736 976 802 ordino
1002 737 1081 801 item
1100 735 1195 800 Loid.
1218 755 1240 798 a
1256 731 1289 816 b,

171 878 237 920 non
258 877 277 920 5
360 858 464 932 esurus
476 853 606 920 Leid..a
690 859 766 919 5555
774 859 973 934 patereffur·
984 875 1132 935 5555555
1146 853 1242 919 Leid.
1255 851 1289 916 5.

171 978 648 1054 5555Ῐ555555155515555555
667 972 793 1039 Leidc
880 977 921 1039 50
935 995 1108 1054 quanquam
1121 972 1250 1038 Leido

195 1130 198 1135 ·
215 1097 251 1155 51
278 1099 453 1158 lucuuuuus
464 1092 559 1158 Leid.
573 1092 627 1158 ab
715 1095 756 1156 52
777 1114 844 1158 cum
860 1092 954 1158 Leid.
967 1092 990 1158 b
1002 1114 1031 1158 5.
1046 1102 1108 1157 tum
1117 1091 1212 1157 Leid.
1228 1112 1250 1154 5

214 1210 232 1274 I
261 1209 303 1274 fr.
334 1210 430 1275 LVII
461 1210 579 1276 addas:
617 1210 788 1277 Consentii
816 1212 881 1277 Ars
916 1235 948 1298 p.
979 1215 999 1275 5
1034 1212 1183 1277 ‘Ennius
1212 1209 1292 1275 dioit

171 1331 362 1417 plerumque
398 1329 733 1415 induperatorem
768 1333 1082 1419 proimperatore?
1121 1327 1166 1396 of.
1201 1328 1289 1394 Auru

40 1438 70 1543 ’ἱ
172 1452 245 1516 332.
265 1452 338 1514 359.
359 1449 421 1512 552
507 1450 548 1512 80
568 1463 708 1514 curatum
727 1449 822 1515 Leid.
843 1472 864 1513 5
880 1448 913 1514 5.
936 1454 1039 1516 crustu
1060 1449 1155 1515 Leid.
1178 1471 1212 1531 ος
1233 1446 1293 1513 sed

170 1569 311 1634 fortasse
342 1591 385 1635 ne
415 1568 465 1632 sio
493 1567 626 1653 quidem
658 1567 827 1632 debebam¹
850 1567 892 1632 do
919 1568 1054 1654 uulgato
1086 1573 1294 1647 concupientes

173 1686 324 1752 dubitare
410 1688 451 1749 82
479 1692 522 1749 r'u‘
536 1696 633 1749 moute
660 1688 771 1749 Remus
797 1684 892 1749 Leid.
923 1707 943 1749 a
969 1684 991 1750 5
1019 1708 1039 1751 5
1131 1692 1296 1752 5155555551

172 1825 251 1884 quus
271 1802 366 1866 Laid.
389 1822 451 1865 55
537 1804 578 1866 83
604 1808 685 1866 solus
708 1790 765 1865 uui
788 1814 893 1868 seruat
912 1803 1006 1869 Leid.
1030 1825 1091 1869 55
1175 1806 1295 1869 845115

174 1928 328 1985 uolantum
349 1919 444 1985 Leid.
465 1941 487 1983 5
506 1918 528 1983 b
549 1941 568 1984 5
654 1921 695 1983 85
723 1940 838 1986 romum
859 1943 1047 1989 remoramur
1068 1923 1163 1988 Laid.
1186 1944 1216 1987 a.
1237 1941 1293 1986 ro-

172 2061 252 2105 555
264 2060 413 2104 remorum
426 2059 521 2118 neque
532 2036 628 2103 Laid.
642 2061 671 2104 5.
692 2060 808 2105 romum
828 2063 893 2106 rem
911 2047 947 2130 sl
962 2045 997 2130 ll
1012 2065 1100 2109 umua
1119 2041 1250 2109 Leidb

215 2161 255 2224 87
277 2159 425 2247 corriges
453 2179 540 2239 quom
564 2165 696 2224 mittere:
718 2158 781 2225 hoo
802 2161 889 2225 enim
909 2165 1060 2228 comittere
1079 2161 1183 2245 ualet,
1206 2147 1294 2249 quod

172 2285 222 2363 est
250 2277 285 2340 in
311 2276 405 2343 Leid.
435 2297 471 2359 5;
501 2297 570 2341 cum
599 2279 743 2343 correxit
772 2280 807 2343 in
835 2301 900 2344 com
930 2280 1077 2347 Leid.·b
1163 2283 1204 2346 88
1229 2288 1295 2346 uult

171 2396 266 2462 Leid.
300 2396 321 2462 5
351 2418 370 2461 5
456 2401 532 2460 audi
552 2394 647 2462 Leid.
677 2419 696 2462 o
781 2401 822 2464 89
850 2421 911 2479 qua
940 2421 1011 2466 mou
1035 2398 1252 2467 11551555

215 2517 255 2578 90
272 2535 325 2580 ore
338 2520 459 2580 timebat
468 2515 563 2581 Leid.
582 2514 670 2600 555,
692 2517 758 2582 nisi
770 2519 858 2604 quod
876 2519 970 2585 Leid.
987 2542 1006 2583 5
1026 2525 1167 2586 timebunt
1188 2540 1191 2546 ·
1251 2521 1293 2582 92

171 2639 203 2698 iu
216 2633 310 2698 Leid.
323 2655 344 2698 a
362 2656 433 2720 sup.
448 2633 506 2699 lin.
521 2656 565 2698 m.
579 2633 637 2698 alt.
718 2638 759 2700 93
775 2641 948 2715 sorussluu
958 2639 1054 2706 Leid.
1067 2662 1089 2704 5
1164 2641 1206 2701 94
1216 2645 1295 2718 551-

170 2759 333 2819 cherrumu
365 2752 460 2818 Laid.
489 2774 510 2817 a
536 2751 559 2817 b
646 2756 687 2817 95
720 2761 791 2820 leuu
820 2756 915 2822 Laid.
945 2778 966 2821 a
1050 2766 1119 2824 uuis
1149 2769 1179 2823 et
1207 2764 1297 2823 simu

170 2872 265 2937 Laid.
294 2894 367 2955 ao,
396 2872 485 2938 unde
508 2881 589 2938 5555
610 2873 771 2938 conicias:
803 2883 893 2941 laeua
921 2885 1003 2942 uolut
1028 2885 1095 2943 auis
1114 2887 1144 2942 et
1163 2882 1253 2941 simul

214 2994 256 3055 96
287 3002 427 3070 quattuor
448 2991 543 3056 Leid.
567 3008 597 3055 a‘.
625 3003 755 3071 quatuor
772 2992 866 3057 Leid.
889 2993 911 3058 b
934 3018 952 3060 5
1037 3000 1078 3060 97
1098 2999 1294 3076 pulchrisque

171 3109 266 3175 Leid.
289 3130 310 3173 5
330 3107 352 3173 5
373 3131 398 3174 5-
478 3110 518 3173 98
546 3130 611 3173 esse
626 3117 791 3189 propriam
812 3109 908 3176 Leid.
937 3132 1000 3176 55
1086 3117 1126 3177 99
1149 3117 1295 3210 stabilitus
1398 3156 1402 3163 -

170 3250 239 3294 cum
260 3250 301 3293 55
321 3227 460 3293 Laida.
482 3232 614 3292 stabilita
634 3248 759 3291 scamna
780 3228 875 3294 Leid.
892 3229 944 3295 55
1030 3231 1072 3296 fr.
1093 3231 1190 3296 LXV
1208 3253 1293 3298 com-

171 3355 345 3413 miserantes
375 3348 474 3412 51155
495 3344 612 3411 Bamb.
639 3349 702 3411 402
732 3347 789 3434 (m.
811 3346 883 3436 511.)
908 3349 1068 3436 Kayseri‚
1103 3354 1196 3418 ouius
1222 3375 1281 3418 um

92 3453 95 3457 ’
171 3487 269 3530 uorsa
296 3464 454 3531 librorum
482 3465 609 3530 familia
637 3467 783 3532 secunda
811 3467 873 3534 hoo
901 3480 1052 3557 quartum
1085 3474 1293 3561 participium

170 3586 281 3652 omisit
369 3588 427 3649 113
450 3585 498 3650 sic
512 3586 641 3670 corrige
655 3594 782 3652 notam:
805 3610 823 3652 o
844 3593 906 3655 Tite
921 3601 980 3656 tute
997 3603 1057 3658 tute
1071 3599 1125 3658 515·
1134 3591 1292 3657 Wuerub.

171 3714 204 3770 et
215 3705 291 3769 Par.
304 3705 400 3770 Rhet.
413 3702 456 3767 ad
468 3703 549 3768 Her.
569 3712 650 3770 ou'te
663 3717 724 3771 tute
739 3718 799 3772 tute
813 3713 865 3772 tibi
882 3709 954 3773 cod.
969 3709 1112 3775 Charisii
1134 3718 1166 3775 et
1179 3709 1291 3775 Troas.
1386 3686 1389 3690 ι

170 3823 266 3888 11551.
288 3823 331 3888 ad
353 3822 433 3888 Her.
462 3822 547 3889 adde
572 3823 712 3890 ibidem:
742 3847 759 3892 o
784 3830 847 3891 Tua
868 3833 1003 3893 tute'tibi
1022 3828 1108 3894 Fris.
1130 3829 1226 3893 Rhet.
1248 3827 1292 3892 ad
1411 3834 1415 3839 '

170 3941 250 4008 Her.
324 3945 384 4007 159
402 3941 436 4005 in
457 3949 550 4007 textu
563 3942 641 4008 tolle
654 3966 781 4009 comma
798 3967 884 4031 pone
900 3958 1045 4012 memorat
1118 3949 1175 4010 161
1191 3953 1292 4010 omniu

170 4082 229 4127 uou
247 4083 328 4128 5555
340 4066 416 4127 duee
427 4074 503 4127 esset
513 4061 608 4127 Leid.
622 4084 642 4126 5
654 4062 754 4127 Vind.
769 4070 870 4128 omniu
889 4086 949 4130 555
966 4086 1047 4129 uuus
1061 4066 1155 4152 (uuus
1169 4062 1291 4128 lineola

168 4190 358 4247 transuersa
369 4183 530 4270 notatum)
549 4203 668 4248 uacasse
682 4193 727 4247 est
741 4181 836 4247 Leid.
851 4181 889 4266 b;
912 4205 996 4269 quae
1012 4181 1188 4246 admodum
1205 4203 1290 4246 oom-

169 4299 323 4367 5551555
343 4299 482 4389 Ilbergii
500 4299 763 4369 emendationem
780 4301 952 4383 uidentur3
978 4299 1014 4363 in
1032 4298 1130 4366 Laid.
1153 4322 1172 4366 5
1198 4300 1289 4369 loeus
