2932 4942
615 342 860 414 Rntrovlnn

714 512 763 582 IV

281 629 461 722 insigneita
483 632 553 700 lere
574 608 644 699 tum
667 630 756 699 milia
777 631 912 700 militum
937 636 1012 700 octo

284 733 381 803 Duxit
404 735 542 804 dilectos
566 731 685 802 bellum
704 733 847 804 tolerare
868 738 1021 825 potentes

323 844 329 869 ¹
742 851 782 887 Η

280 951 454 1025 Sollicitari
484 963 516 1023 te
540 954 612 1023 Tite
639 851 895 1051 sicdroctesque
919 955 1058 1050 diesque

603 1090 620 1125 a
846 1092 862 1129 a

725 1146 741 1184 t

281 1220 309 1290 0
333 1223 404 1292 Tite
425 1223 452 1292 si
475 1224 552 1317 quid
571 1230 603 1294 te
620 1225 758 1296 adiuero
781 1250 937 1297 curamue
959 1228 1094 1297 leuasso

190 1332 251 1392 34⁰
280 1325 373 1408 Quae
395 1350 482 1399 nunc
503 1333 536 1397 te
554 1328 666 1423 coquit
686 1337 720 1400 et
741 1337 855 1402 uersat
872 1331 905 1400 in
928 1336 1062 1422 pectore
1085 1331 1163 1415 lixa,
1222 1402 1226 1406 ,
1265 1402 1270 1407 .

279 1429 404 1522 Ecquid
428 1431 489 1500 crit
506 1431 653 1522 praemi?

601 1566 617 1601 tt
834 1567 860 1604 ·*

722 1623 738 1658 a

279 1699 335 1768 llle
353 1702 405 1770 uir
424 1701 503 1771 haut
521 1725 643 1795 magna
661 1725 735 1772 cum
755 1727 790 1773 re
809 1709 861 1773 set
876 1704 996 1795 plenus
1017 1705 1093 1775 fidei

277 1920 362 1989 Hinc
380 1943 449 1991 nox
466 1924 632 2014 processit
648 1822 755 1994 stedils
773 1923 966 1994 ardentibus
987 1926 1074 2012 apta.

262 2138 369 2208 Sicut
388 2139 415 2209 si
440 2140 572 2233 quando
589 2040 876 2214 uinclisvdlenntica
897 2139 999 2211 uelox

208 2338 242 2386 iv
256 2339 402 2390 Priscianus
412 2342 422 2390 1
434 2334 554 2407 ponor.
568 2345 594 2410 (l
608 2342 729 2410 petii.)
743 2343 843 2393 ‘linaiis
854 2343 973 2392 dictionis
987 2341 1144 2391 subtrabitur
1156 2358 1181 2391 m
1195 2342 1221 2391 in
1233 2356 1287 2392 me·
1348 2357 1358 2365 ·’

173 2416 211 2456 tro
225 2407 389 2473 plerumque,
414 2413 437 2460 si
450 2427 465 2461 a
477 2412 562 2462 nocali
579 2415 670 2479 incipit
683 2429 794 2478 sequens
809 2413 887 2462 dictio
954 2413 1122 2461 uetustissimi
1137 2420 1285 2461 tamennon

172 2492 274 2543 semper·
293 2494 349 2528 cam
367 2481 558 2531 subtrahebant.
591 2484 689 2534 Ennius
710 2484 736 2533 in
755 2483 780 2532 X
797 2482 927 2532 annalium
953 2483 1006 2530 ...’
1078 2479 1209 2531 VCicero
1228 2480 1283 2531 Cat.

171 2549 233 2596 mai.
250 2549 273 2603 l,
291 2550 303 2598 l
323 2554 352 2598 ‘o
367 2551 439 2601 Tite
532 2555 674 2617 praemi?
697 2553 768 2602 Licet
787 2554 856 2602 enim
875 2551 938 2601 mihi
957 2552 1075 2601 uersibus
1093 2550 1191 2600 eisdem
1210 2551 1285 2601 alieri

172 2626 211 2672 te,
232 2619 327 2678 Attice,
352 2621 446 2682 quibus
463 2620 557 2671 nitatur
569 2623 740 2672 Flamininum
759 2622 818 2671 ille
835 2623 898 2670 uir'
911 2637 934 2670 c.
949 2636 974 2684 q.
988 2636 1010 2670 s.
1030 2625 1197 2683 ‘quamquem
1216 2628 1285 2685 certo

171 2687 240 2746 scio,
259 2702 309 2736 non
322 2696 349 2736 ut
364 2689 535 2740 Flamininum
548 2691 743 2741 sollicitari'
765 2708 787 2741 e.
803 2706 865 2753 qs.
936 2691 971 2739 Vl
990 2690 1135 2739 Macrobius
1151 2688 1205 2738 Sat.
1219 2690 1255 2739 Vi
1271 2689 1283 2738 l

172 2770 198 2818 p.
213 2755 265 2805 498
276 2758 334 2806 dan.
356 2762 444 2808 ‘axem
463 2775 552 2810 umero
570 2769 670 2825 torquet
688 2762 770 2811 stellis
788 2761 936 2810 ardentibus
954 2766 1051 2824 aptum.
1078 2758 1151 2823 [Aen.
1172 2758 1208 2808 lV
1221 2756 1284 2822 482]

174 2824 269 2874 Ennius
282 2827 308 2874 in
323 2828 420 2891 primo:
441 2826 563 2895 [XXVH]
577 2840 602 2880 et
613 2833 640 2880 in
653 2833 742 2879 tertio:
763 2827 845 2894 [xlv]
859 2830 923 2878 etin
937 2828 1038 2877 decimo
1058 2828 1110 2876 ,..’
1132 2827 1237 2892 (idem
1253 2829 1284 2875 in

173 2891 212 2940 X⁰
228 2893 339 2957 Salisb.)
408 2898 453 2945 Vll
472 2899 561 2947 Festus
581 2915 609 2964 p.
629 2901 678 2949 177
693 2900 726 2948 M.
749 2899 949 2947 ‘nictittcsnis
971 2899 997 2946 iu
1016 2896 1155 2946 odorandis
1174 2896 1285 2946 terarum

170 3016 384 3029 ,ἡ

213 3082 757 3157 saornsrgnausamchmtomr.
771 3085 998 3157 insignitoretcrr
1080 3083 1284 3151 mrrtrumoca]
1347 3063 1351 3071 '

170 3187 210 3260 cs.
223 3188 421 3243 lachmannut
432 3188 472 3245 od
478 3188 564 3245 Lucr.
577 3188 615 3245 II
621 3194 674 3251 tm
757 3192 809 3250 337
825 3169 944 3246 directis
959 3187 1045 3261 Scnq.
1062 3187 1180 3245 dilectus
1195 3186 1283 3261 Luqd.

172 3273 297 3329 delectos
324 3275 410 3328 ceteri
494 3276 623 3330 tollerare
651 3274 737 3348 Sonq.
844 3278 897 3334 ³38
924 3275 984 3329 ⁰tite
1006 3272 1120 3329 Monac.
1140 3287 1166 3328 e.
1186 3274 1284 3330 Actice

172 3356 249 3414 dett.
319 3360 360 3413 sic
376 3357 582 3415 omnonacc
652 3368 750 3415 noctes
763 3356 839 3414 Octt.
930 3361 983 3418 339
1000 3358 1098 3415 Actice
1113 3356 1189 3414 Oeltl.
1260 3360 1284 3414 si

171 3443 239 3514 quid
256 3451 282 3498 te
298 3442 437 3499 adiuuero
456 3442 526 3501 Por.
543 3444 637 3516 siquid
658 3445 732 3516 (quit
751 3443 863 3500 Mmtoc.
882 3446 912 3513 c)
935 3460 990 3517 ego
1011 3442 1106 3500 adiuto
1130 3441 1243 3500 Monac.
1265 3462 1283 3500 o

169 3529 185 3582 b
207 3544 223 3583 c
246 3526 322 3584 Oebl.
349 3528 372 3583 si
395 3529 463 3599 quid
484 3545 539 3603 ego
560 3528 697 3586 adiuuero
719 3529 788 3587 eud.
873 3530 1001 3599 lenasso]
1023 3525 1177 3585 l'leuauero
1198 3546 1284 3585 monet

169 3615 282 3686 antiquo
295 3626 438 3686 cuperccr.
457 3615 486 3669 in
499 3614 569 3670 Par.
675 3619 728 3675 340
746 3624 771 3671 te
787 3630 861 3670 nunc
878 3613 954 3671 Oebl.
1041 3620 1136 3671 uersat
1156 3614 1198 3683 in]
1221 3631 1284 3670 uer·

170 3705 247 3753 satur
257 3696 369 3755 Monac.
384 3715 400 3754 c
464 3699 545 3755 flrme
557 3700 660 3772 ecquid
674 3702 728 3756 erit
739 3700 810 3757 Gud.
825 3700 882 3755 lixa
893 3706 920 3755 et
933 3713 988 3772 qua
1002 3700 1168 3771 deprimeris
1181 3698 1282 3770 ecquid

169 3786 212 3852 (et
234 3783 301 3855 quid
320 3782 432 3840 Monac.
453 3784 482 3853 b)
506 3786 557 3841 crit
575 3784 688 3842 Monac.
708 3803 726 3840 α
748 3785 765 3841 b
784 3800 800 3841 c
823 3782 900 3842 Oeltl.
1006 3788 1058 3844 341
1081 3784 1183 3856 premii
1212 3784 1281 3840 (Μ.

168 3901 255 3972 precii
269 3900 384 3958 Monac.
402 3920 421 3958 o
442 3903 458 3956 b
479 3919 496 3957 c
518 3901 595 3958 Ociti.
619 3874 730 3979 {iquid
745 3905 799 3959 erit
814 3903 931 3975 praemii
948 3901 1019 3958 Par.
1036 3918 1092 3974 ηις.
1109 3917 1195 3955 manu
1210 3902 1281 3955 onti-

168 4003 223 4056 Μ
329 3993 383 4047 mn
410 3988 456 4043 ille
483 3989 525 4042 uir
546 3989 649 4049 ennius
673 3988 826 4045 Menoec
911 3989 979 4045 baut
1005 3984 1155 4041 Monocb
1181 3999 1207 4038 c.
1234 3989 1283 4037 aut

170 4070 240 4125 mad.
264 4070 341 4125 houd
362 4075 448 4127 ceteri
532 4089 596 4127 cum
618 4090 722 4146 magna
740 4090 771 4128 re
791 4073 905 4129 Monac.
930 4089 948 4125 α
970 4071 986 4124 b
1009 4085 1034 4123 c.
1057 4069 1144 4123 multa
1164 4083 1227 4121 cum
1250 4083 1281 4121 re

170 4153 240 4210 cuc.
327 4163 371 4211 set
397 4156 467 4212 Gud-
497 4156 552 4211 sed
577 4160 663 4213 ceteri
746 4158 803 4212 lide
827 4156 904 4213 Ocltl.
1008 4155 1063 4211 trs
1088 4151 1134 4206 hic
1156 4148 1233 4205 Med.
1251 4167 1281 4206 a.

168 4236 241 4293 haec
253 4237 353 4293 Salr'rb.
436 4242 595 4311 praecessit
606 4240 712 4297 Hectb
816 4244 870 4301 344
892 4238 973 4295 sicuti
989 4236 1014 4291 si
1029 4233 1141 4307 quando
1156 4232 1282 4309 Sceliqcr

1000 4327 1078 4415 .4*
