2932 4942
171 357 296 406 mm
566 340 885 411 ovansrtonns

174 511 328 572 Atellanae
350 509 524 586 adfigehant.
575 507 603 567 ls
618 507 702 566 ludus
719 506 754 565 ab
775 504 860 564 Oscis
879 506 1012 563 inuentus
1033 521 1095 561 cum
1114 503 1222 562 ceteris
1238 520 1283 560 re·

175 620 228 679 bus
244 616 402 677 consimilis
415 616 452 673 sit
468 624 595 688 saturae,
609 615 691 672 unius
706 622 801 672 tamen
815 612 937 671 actionis
953 610 1087 670 ambitum
1100 625 1157 666 non
1169 609 1283 686 migrat.

175 721 220 782 Gi.
234 722 331 781 Liuius
342 719 395 779 Vll
408 719 437 780 2.
460 719 662 780 Nihilominus
678 718 726 776 ubi
739 716 849 777 Romae
867 735 991 795 regnare
1005 716 1183 776 Graecorum
1203 715 1284 774 iabu-

173 828 221 889 lee
244 835 422 905 coeperunt,
446 837 560 887 saturae
582 833 611 886 et
637 823 791 883 Atellanae
814 825 907 903 primo
928 823 1132 900 neglegentius
1156 820 1283 897 habitae,

173 935 240 995 dein
263 938 441 992 euauuerunt
463 930 500 989 de
522 948 621 989 scena.
662 929 721 989 Sed
745 947 795 988 eas
816 939 919 1007 postea
943 929 1088 1007 ingeniosi
1112 935 1220 1005 poetae
1247 947 1284 986 ex

174 1041 323 1101 obliuione
353 1037 508 1096 suscitatas
533 1037 636 1095 litteris
662 1052 739 1093 nouo
768 1036 877 1095 decore
903 1037 1059 1095 instructas
1086 1033 1282 1093 reddiderunt.

174 1143 328 1204 Atellanae
349 1150 459 1201 sortem
480 1143 619 1219 persequi
642 1142 681 1200 nil
704 1142 822 1200 attinet:
851 1158 867 1198 e
890 1149 987 1199 satura
1008 1148 1104 1199 autem
1126 1141 1176 1200 illa
1200 1139 1284 1199 Ennii

174 1259 271 1310 satura
292 1249 398 1327 prodiit
413 1247 586 1322 lectoribus,
609 1264 665 1305 uon
687 1263 795 1305 scenae
818 1246 922 1306 dicata.
968 1245 1081 1320 Quare
1104 1247 1174 1306 licet
1196 1254 1284 1325 poeta

172 1355 338 1415 resecuerit
365 1353 508 1431 quaedam
531 1353 635 1430 quihus
662 1370 750 1411 scena
774 1369 831 1412 nou
852 1361 983 1426 careret,
1019 1355 1161 1430 originem
1189 1362 1284 1412 tamen

173 1461 319 1521 scenicam
338 1477 402 1518 cum
424 1457 508 1517 Ennii
530 1467 588 1516 tum
608 1459 803 1536 posteriorum
824 1458 925 1536 poesis
948 1459 1074 1517 saturica
1093 1458 1198 1536 prodit.
1227 1457 1284 1518 Vel

172 1566 370 1627 diuerbiorum
400 1564 582 1638 memineris,
613 1564 716 1641 quibus
748 1563 817 1623 nihil
844 1570 888 1621 est
915 1563 942 1619 in
967 1572 1062 1622 satura
1091 1563 1282 1641 frequentius.

173 1671 268 1747 Quale
287 1670 359 1730 illud
382 1677 428 1728 est
448 1669 525 1746 quod
546 1668 739 1741 Quintilianus
758 1667 800 1727 lX
820 1668 856 1743 2,
883 1665 923 1727 36
942 1669 1028 1727 tradit
1046 1667 1168 1727 Ennium
1190 1671 1218 1728 iu
1238 1688 1283 1729 sa-

172 1786 235 1837 tura
256 1786 380 1837 mortem
408 1792 443 1833 ac
473 1777 560 1834 uitam
590 1774 801 1834 contendentes
823 1771 887 1843 (uel
913 1774 937 1830 si
965 1772 1046 1832 libris
1067 1776 1178 1853 aliquot
1198 1776 1284 1836 iidem

172 1879 282 1939 habere
305 1879 388 1939 malis
417 1882 650 1959 consentientes)
682 1879 831 1939 induxisse
861 1877 933 1955 (inc.
959 1887 1013 1937 sat.
1038 1877 1105 1960 lll).
1151 1878 1197 1941 Gi.
1220 1883 1282 1941 Sat.

172 1984 213 2045 lll
239 1985 275 2045 fr.
303 1985 325 2044 l.
370 1985 499 2046 lndidem
518 1985 628 2045 Ennius
655 1986 817 2062 argumenti
845 2001 880 2042 ac
907 2002 1090 2045 numerorum
1112 1989 1284 2047 uarietatem

172 2090 304 2167 repetiit:
328 2109 385 2168 qua
405 2110 471 2149 eum
488 2101 601 2150 saturas
622 2092 788 2150 distinxisse
800 2090 959 2150 Diomedes
975 2099 1096 2150 testatur
1111 2091 1151 2151 lll
1170 2111 1198 2170 p.
1221 2091 1284 2152 482

172 2194 218 2254 P.:
238 2205 336 2255 santra
356 2200 456 2256 dicitm
473 2217 588 2256 carmen
609 2204 687 2274 apud
705 2203 860 2266 Romanos,
883 2217 938 2255 aaa
960 2202 1038 2272 apud
1059 2201 1195 2272 Graecm,
1222 2221 1283 2257 ma—

171 2303 285 2359 ledicum
304 2310 331 2359 et
352 2306 392 2359 ad
411 2307 555 2379 carpenda
576 2307 713 2363 bominum
741 2309 807 2362 uitia
829 2305 969 2360 arebaeae
990 2309 1146 2364 comaediae
1165 2308 1284 2365 charae

171 2415 230 2463 tere
250 2413 448 2481 compostum,-
465 2415 547 2483 quate
566 2416 740 2484 seripserunt
761 2415 882 2469 Lucilius
904 2418 930 2467 et
949 2413 1086 2469 Horatius
1108 2422 1134 2470 et
1151 2416 1283 2471 Persius:
1347 2396 1353 2408 ¹
1392 2492 1394 2496 Ι

172 2520 203 2567 at
220 2515 282 2568 alim
303 2530 418 2570 carmen
440 2519 514 2588 quod
537 2534 553 2574 e
576 2521 666 2575 uariis
687 2517 860 2590 poematibus
881 2521 1024 2577 constabat
1039 2527 1137 2577 satura
1157 2524 1283 2577 aomina-

172 2619 267 2686 hatar‚
297 2621 378 2691 quate
403 2625 580 2694 scripserunt
599 2624 743 2680 Pacuuius
773 2628 799 2677 et
816 2623 940 2681 Ennius.-
967 2631 998 2682 et
1018 2625 1088 2685 item
1105 2627 1222 2705 paulam
1241 2629 1282 2686 in-

170 2719 230 2778 ira:
251 2730 350 2780 satura
366 2730 495 2806 carmina
515 2730 599 2785 multa
610 2731 693 2785 simul
709 2735 736 2784 et
746 2731 878 2800 pcemua
899 2736 1177 2807 comprehenduntur.
1221 2732 1284 2794 Nec

169 2835 266 2887 tamen
285 2826 406 2888 Ennium
433 2848 568 2890 numeros
599 2831 740 2891 credibile
777 2840 822 2892 est
855 2842 966 2895 temere
998 2838 1167 2898 miscuisse:
1197 2856 1283 2916 quem

170 2951 234 2992 cum
255 2934 386 3010 singulae
408 2945 541 3013 saturae,
565 2939 643 3016 quod
665 2938 823 2998 Diomedes
846 2938 968 3015 indicat,
992 2944 1189 3022 compluribus
1209 2952 1281 3022 pott-

169 3037 292 3120 malibus
325 3051 507 3118 constarent,
541 3062 725 3105 numerorum
753 3047 923 3107 uarietatem
950 3047 1015 3107 iere
1045 3050 1081 3110 ad
1110 3052 1282 3110 uarietatem

172 3151 335 3221 poematum
360 3150 476 3208 rexisse
506 3152 638 3228 putarim.
690 3151 770 3211 Inter
792 3152 931 3230 reliquias
957 3164 1118 3215 saturarum
1148 3165 1205 3216 tam
1230 3174 1281 3215 aas

169 3265 244 3325 quae
275 3251 341 3311 iude
375 3255 499 3313 citantur
530 3256 639 3316 diserte
660 3275 746 3336 quam
769 3275 844 3334 quae
873 3258 912 3343 ibi
936 3259 1082 3337 probabili
1113 3263 1281 3322 coniectura

68 3359 71 3365 '
169 3355 319 3415 conlocari
341 3359 490 3437 uidentur,
517 3380 582 3422 cum
604 3363 718 3423 iambici
737 3363 938 3442 trochaicique
961 3385 1066 3425 uersus
1087 3376 1145 3425 tum
1161 3368 1282 3427 Sotadei

169 3467 198 3516 et
210 3458 371 3520 hexametri
383 3462 521 3529 feruntur.
546 3467 642 3526 Variis
654 3477 750 3526 autem
762 3471 862 3528 metris
875 3489 942 3531 suas
958 3472 1085 3531 Lucilius
1099 3488 1217 3549 quoque
1235 3491 1281 3533 sa-

169 3571 247 3622 turas
261 3565 423 3643 inpertiuit:
438 3572 491 3631 sed
506 3581 600 3633 tamen
614 3575 640 3633 ei
655 3582 814 3633 saturarum
828 3579 902 3652 parti
915 3596 1000 3656 quam
1008 3579 1205 3657 posteriorem
1220 3579 1281 3638 edi·

168 3668 209 3728 dit
228 3688 313 3730 uuum
331 3672 566 3738 hexametrorum
580 3698 728 3740 numerum
749 3680 887 3740 adhibuit.
929 3679 975 3742 Gt.
996 3682 1193 3744 Lachmanuus
1216 3684 1279 3745 lnd.

169 3775 343 3837 leotberol.
357 3792 431 3842 aest.
445 3784 535 3844 1849.
554 3787 637 3848 Vnde
649 3794 756 3867 postue
768 3789 952 3866 posteriores
964 3787 1101 3851 Horatius
1110 3789 1228 3849 Persius
1235 3789 1280 3849 lu·

168 3883 281 3944 uenalis
292 3902 349 3945 non
365 3887 429 3947 aliis
441 3891 470 3948 iu
485 3894 589 3951 saturis
601 3902 690 3972 atque
706 3893 805 3952 herois
821 3894 954 3953 uersibus
970 3896 1014 3953 usi
1031 3904 1105 3954 sunt.
1132 3893 1213 3952 Vnus
1223 3891 1280 3952 Te·

167 3990 277 4049 tentius
288 3989 382 4052 Varro
395 3995 423 4052 in
436 3996 540 4055 saturis
552 3995 715 4079 Menippeis
733 4019 798 4060 cum
813 4000 971 4061 Ennianam
983 4016 1167 4061 numerorum
1185 4000 1279 4058 uarie·

168 4100 256 4154 tatem
271 4097 407 4176 referret,
422 4101 556 4161 uersibus
572 4105 646 4165 adeo
666 4106 834 4186 pedestrem
850 4108 1011 4169 orationem
1028 4106 1171 4186 aspersit:
1194 4106 1277 4164 cuius

169 4200 212 4257 rei
223 4213 326 4265 auctor
341 4215 387 4266 est
402 4207 594 4282 Quintilianus
609 4209 637 4271 X
651 4212 678 4289 1,
693 4211 749 4273 93:
768 4223 867 4274 satura
881 4219 989 4290 quidem
1004 4225 1059 4275 tata
1074 4223 1169 4274 aasaa
1184 4222 1233 4287 est,
1248 4218 1279 4270 ta
