<?xml version="1.0" encoding="UTF-8"?>
<!DOCTYPE html PUBLIC "-//W3C//DTD XHTML 1.0 Transitional//EN"
    "http://www.w3.org/TR/xhtml1/DTD/xhtml1-transitional.dtd">
<html xmlns="http://www.w3.org/1999/xhtml" xml:lang="en" lang="en">
 <head>
  <title>
</title>
<meta http-equiv="Content-Type" content="text/html;charset=utf-8" />
  <meta name='ocr-system' content='tesseract 3.04.00' />
  <meta name='ocr-capabilities' content='ocr_page ocr_carea ocr_par ocr_line ocrx_word'/>
</head>
<body>
  <div class='ocr_page' id='page_1' title='image "./ennianaepoesisr00ennigoog_0058.png"; bbox 0 0 2932 4942; ppageno 0'>
   <div class='ocr_carea' id='block_1_1' title="bbox 606 343 1281 399">
    <p class='ocr_par' dir='ltr' id='par_1_1' title="bbox 606 343 1281 399">
     <span class='ocr_line' id='line_1_1' title="bbox 606 343 1281 399; baseline -0.022 0"><span class='ocrx_word' id='word_1_1' title='bbox 606 343 835 399; x_wconf 77' lang='lat' dir='ltr'><strong>auumnna</strong></span> <span class='ocrx_word' id='word_1_2' title='bbox 1244 350 1281 398; x_wconf 65' lang='lat' dir='ltr'><strong>m</strong></span> 
     </span>
    </p>
   </div>
   <div class='ocr_carea' id='block_1_2' title="bbox 168 507 1322 3663">
    <p class='ocr_par' dir='ltr' id='par_1_2' title="bbox 168 507 1322 3663">
     <span class='ocr_line' id='line_1_2' title="bbox 169 507 1279 586; baseline 0.001 -18"><span class='ocrx_word' id='word_1_3' title='bbox 169 526 271 586; x_wconf 88' lang='lat' dir='ltr'><strong>quam,</strong></span> <span class='ocrx_word' id='word_1_4' title='bbox 311 507 388 585; x_wconf 94' lang='lat' dir='ltr'><strong>quod</strong></span> <span class='ocrx_word' id='word_1_5' title='bbox 422 508 496 567; x_wconf 89' lang='lat' dir='ltr'><strong>inira</strong></span> <span class='ocrx_word' id='word_1_6' title='bbox 529 507 638 581; x_wconf 89' lang='lat' dir='ltr'><strong>dicam,</strong></span> <span class='ocrx_word' id='word_1_7' title='bbox 679 510 765 569; x_wconf 88' lang='lat' dir='ltr'><strong>etiam</strong></span> <span class='ocrx_word' id='word_1_8' title='bbox 801 508 857 567; x_wconf 88' lang='lat' dir='ltr'><strong>alia</strong></span> <span class='ocrx_word' id='word_1_9' title='bbox 893 508 955 567; x_wconf 90' lang='lat' dir='ltr'><strong>eius</strong></span> <span class='ocrx_word' id='word_1_10' title='bbox 988 525 1092 567; x_wconf 91' lang='lat' dir='ltr'><strong>uersus</strong></span> <span class='ocrx_word' id='word_1_11' title='bbox 1123 509 1211 569; x_wconf 88' lang='lat' dir='ltr'><strong>sedes</strong></span> <span class='ocrx_word' id='word_1_12' title='bbox 1251 510 1279 568; x_wconf 91' lang='lat' dir='ltr'><strong>in</strong></span> 
     </span>
     <span class='ocr_line' id='line_1_3' title="bbox 168 613 1279 695; baseline 0 -21"><span class='ocrx_word' id='word_1_13' title='bbox 168 623 304 695; x_wconf 91' lang='lat' dir='ltr'><strong>promptu</strong></span> <span class='ocrx_word' id='word_1_14' title='bbox 323 623 377 673; x_wconf 88' lang='lat' dir='ltr'><strong>est.</strong></span> <span class='ocrx_word' id='word_1_15' title='bbox 414 614 504 674; x_wconf 91' lang='lat' dir='ltr'><strong>Paulo</strong></span> <span class='ocrx_word' id='word_1_16' title='bbox 523 614 732 690; x_wconf 80' lang='lat' dir='ltr'><strong>confidentius,</strong></span> <span class='ocrx_word' id='word_1_17' title='bbox 756 615 888 691; x_wconf 90' lang='lat' dir='ltr'><strong>quoniam</strong></span> <span class='ocrx_word' id='word_1_18' title='bbox 913 632 950 673; x_wconf 85' lang='lat' dir='ltr'><strong>ex</strong></span> <span class='ocrx_word' id='word_1_19' title='bbox 975 613 1032 674; x_wconf 91' lang='lat' dir='ltr'><strong>hoo</strong></span> <span class='ocrx_word' id='word_1_20' title='bbox 1055 615 1149 675; x_wconf 89' lang='lat' dir='ltr'><strong>annali</strong></span> <span class='ocrx_word' id='word_1_21' title='bbox 1165 617 1279 691; x_wconf 88' lang='lat' dir='ltr'><strong>citatur,</strong></span> 
     </span>
     <span class='ocr_line' id='line_1_4' title="bbox 168 719 1297 806; baseline -0.003 -21"><span class='ocrx_word' id='word_1_22' title='bbox 168 724 205 785; x_wconf 91' lang='lat' dir='ltr'><strong>ad</strong></span> <span class='ocrx_word' id='word_1_23' title='bbox 234 723 309 782; x_wconf 91' lang='lat' dir='ltr'><strong>idem</strong></span> <span class='ocrx_word' id='word_1_24' title='bbox 334 720 406 781; x_wconf 90' lang='lat' dir='ltr'><strong>belli</strong></span> <span class='ocrx_word' id='word_1_25' title='bbox 429 719 576 781; x_wconf 77' lang='lat' dir='ltr'><strong>Tarentini</strong></span> <span class='ocrx_word' id='word_1_26' title='bbox 605 722 687 799; x_wconf 90' lang='lat' dir='ltr'><strong>quasi</strong></span> <span class='ocrx_word' id='word_1_27' title='bbox 714 720 914 800; x_wconf 82' lang='lat' dir='ltr'><strong>prohoemium</strong></span> <span class='ocrx_word' id='word_1_28' title='bbox 933 720 969 779; x_wconf 90' lang='lat' dir='ltr'><strong>ir.</strong></span> <span class='ocrx_word' id='word_1_29' title='bbox 993 719 1167 797; x_wconf 91' lang='lat' dir='ltr'><strong>Xreuoco,</strong></span> <span class='ocrx_word' id='word_1_30' title='bbox 1198 732 1229 781; x_wconf 92' lang='lat' dir='ltr'><strong>ut</strong></span> <span class='ocrx_word' id='word_1_31' title='bbox 1250 725 1297 806; x_wconf 78' lang='lat' dir='ltr'><strong>in¹</strong></span> 
     </span>
     <span class='ocr_line' id='line_1_5' title="bbox 170 826 1278 907; baseline 0 -18"><span class='ocrx_word' id='word_1_32' title='bbox 170 829 273 890; x_wconf 79' lang='lat' dir='ltr'><strong>subitis</strong></span> <span class='ocrx_word' id='word_1_33' title='bbox 299 827 403 907; x_wconf 91' lang='lat' dir='ltr'><strong>quales</strong></span> <span class='ocrx_word' id='word_1_34' title='bbox 429 827 570 888; x_wconf 80' lang='lat' dir='ltr'><strong>Aemilius</strong></span> <span class='ocrx_word' id='word_1_35' title='bbox 598 828 669 887; x_wconf 86' lang='lat' dir='ltr'><strong>iecit</strong></span> <span class='ocrx_word' id='word_1_36' title='bbox 698 828 933 906; x_wconf 72' lang='lat' dir='ltr'><strong>praedationibus</strong></span> <span class='ocrx_word' id='word_1_37' title='bbox 966 826 1063 886; x_wconf 89' lang='lat' dir='ltr'><strong>locum</strong></span> <span class='ocrx_word' id='word_1_38' title='bbox 1094 829 1278 889; x_wconf 91' lang='lat' dir='ltr'><strong>nanciscatur</strong></span> 
     </span>
     <span class='ocr_line' id='line_1_6' title="bbox 169 932 1278 1012; baseline -0.003 -17"><span class='ocrx_word' id='word_1_39' title='bbox 169 953 261 995; x_wconf 90' lang='lat' dir='ltr'><strong>suum.</strong></span> <span class='ocrx_word' id='word_1_40' title='bbox 306 934 366 995; x_wconf 88' lang='lat' dir='ltr'><strong>Sed</strong></span> <span class='ocrx_word' id='word_1_41' title='bbox 384 934 423 992; x_wconf 88' lang='lat' dir='ltr'><strong>ibi</strong></span> <span class='ocrx_word' id='word_1_42' title='bbox 445 933 510 993; x_wconf 93' lang='lat' dir='ltr'><strong>dum</strong></span> <span class='ocrx_word' id='word_1_43' title='bbox 533 933 676 994; x_wconf 83' lang='lat' dir='ltr'><strong>Aemilius</strong></span> <span class='ocrx_word' id='word_1_44' title='bbox 697 943 848 1008; x_wconf 89' lang='lat' dir='ltr'><strong>uersatur,</strong></span> <span class='ocrx_word' id='word_1_45' title='bbox 869 932 995 992; x_wconf 84' lang='lat' dir='ltr'><strong>Marcius</strong></span> <span class='ocrx_word' id='word_1_46' title='bbox 1017 932 1123 1010; x_wconf 91' lang='lat' dir='ltr'><strong>rebus,</strong></span> <span class='ocrx_word' id='word_1_47' title='bbox 1148 934 1183 994; x_wconf 96' lang='lat' dir='ltr'><strong>ad</strong></span> <span class='ocrx_word' id='word_1_48' title='bbox 1207 951 1278 1012; x_wconf 90' lang='lat' dir='ltr'><strong>quas</strong></span> 
     </span>
     <span class='ocr_line' id='line_1_7' title="bbox 168 1039 1279 1120; baseline -0.003 -19"><span class='ocrx_word' id='word_1_49' title='bbox 168 1044 274 1102; x_wconf 92' lang='lat' dir='ltr'><strong>missus</strong></span> <span class='ocrx_word' id='word_1_50' title='bbox 302 1050 380 1117; x_wconf 88' lang='lat' dir='ltr'><strong>erat,</strong></span> <span class='ocrx_word' id='word_1_51' title='bbox 410 1040 600 1100; x_wconf 84' lang='lat' dir='ltr'><strong>Etruscorum</strong></span> <span class='ocrx_word' id='word_1_52' title='bbox 628 1043 753 1101; x_wconf 92' lang='lat' dir='ltr'><strong>nondum</strong></span> <span class='ocrx_word' id='word_1_53' title='bbox 774 1040 903 1120; x_wconf 86' lang='lat' dir='ltr'><strong>peractis</strong></span> <span class='ocrx_word' id='word_1_54' title='bbox 926 1039 1045 1099; x_wconf 85' lang='lat' dir='ltr'><strong>Romam</strong></span> <span class='ocrx_word' id='word_1_55' title='bbox 1067 1040 1144 1099; x_wconf 90' lang='lat' dir='ltr'><strong>redit</strong></span> <span class='ocrx_word' id='word_1_56' title='bbox 1168 1041 1279 1099; x_wconf 85' lang='lat' dir='ltr'><strong>accitus</strong></span> 
     </span>
     <span class='ocr_line' id='line_1_8' title="bbox 169 1143 1279 1226; baseline -0.002 -19"><span class='ocrx_word' id='word_1_57' title='bbox 169 1158 200 1207; x_wconf 92' lang='lat' dir='ltr'><strong>ut</strong></span> <span class='ocrx_word' id='word_1_58' title='bbox 221 1147 338 1208; x_wconf 88' lang='lat' dir='ltr'><strong>uidetur</strong></span> <span class='ocrx_word' id='word_1_59' title='bbox 355 1164 371 1205; x_wconf 94' lang='lat' dir='ltr'><strong>a</strong></span> <span class='ocrx_word' id='word_1_60' title='bbox 393 1155 513 1221; x_wconf 88' lang='lat' dir='ltr'><strong>senatu,</strong></span> <span class='ocrx_word' id='word_1_61' title='bbox 539 1149 588 1224; x_wconf 93' lang='lat' dir='ltr'><strong>qui</strong></span> <span class='ocrx_word' id='word_1_62' title='bbox 612 1148 836 1226; x_wconf 74' lang='lat' dir='ltr'><strong>‘expectatione</strong></span> <span class='ocrx_word' id='word_1_63' title='bbox 852 1143 954 1220; x_wconf 71' lang='lat' dir='ltr'><strong>Pyrrhi</strong></span> <span class='ocrx_word' id='word_1_64' title='bbox 973 1145 1117 1205; x_wconf 89' lang='lat' dir='ltr'><strong>sollicitus</strong></span> <span class='ocrx_word' id='word_1_65' title='bbox 1133 1145 1279 1224; x_wconf 88' lang='lat' dir='ltr'><strong>praesidia</strong></span> 
     </span>
     <span class='ocr_line' id='line_1_9' title="bbox 170 1250 1277 1331; baseline -0.003 -18"><span class='ocrx_word' id='word_1_66' title='bbox 170 1253 296 1331; x_wconf 86' lang='lat' dir='ltr'><strong>undique</strong></span> <span class='ocrx_word' id='word_1_67' title='bbox 323 1250 532 1331; x_wconf 85' lang='lat' dir='ltr'><strong>conquirebat&#39;</strong></span> <span class='ocrx_word' id='word_1_68' title='bbox 568 1252 629 1330; x_wconf 85' lang='lat' dir='ltr'><strong>(ci.</strong></span> <span class='ocrx_word' id='word_1_69' title='bbox 656 1251 847 1312; x_wconf 81' lang='lat' dir='ltr'><strong>Freinshemii</strong></span> <span class='ocrx_word' id='word_1_70' title='bbox 872 1251 1023 1330; x_wconf 87' lang='lat' dir='ltr'><strong>Supplem.</strong></span> <span class='ocrx_word' id='word_1_71' title='bbox 1054 1253 1114 1312; x_wconf 87' lang='lat' dir='ltr'><strong>Liu.</strong></span> <span class='ocrx_word' id='word_1_72' title='bbox 1143 1252 1169 1311; x_wconf 97' lang='grc'><strong>11</strong></span> <span class='ocrx_word' id='word_1_73' title='bbox 1198 1250 1277 1330; x_wconf 82' lang='grc'><strong>21);</strong></span> 
     </span>
     <span class='ocr_line' id='line_1_10' title="bbox 171 1356 1279 1438; baseline -0.001 -19"><span class='ocrx_word' id='word_1_74' title='bbox 171 1358 325 1438; x_wconf 78' lang='lat' dir='ltr'><strong>triumphat</strong></span> <span class='ocrx_word' id='word_1_75' title='bbox 350 1359 386 1418; x_wconf 88' lang='lat' dir='ltr'><strong>de</strong></span> <span class='ocrx_word' id='word_1_76' title='bbox 414 1357 547 1418; x_wconf 85' lang='lat' dir='ltr'><strong>Etruscis</strong></span> <span class='ocrx_word' id='word_1_77' title='bbox 576 1358 618 1436; x_wconf 90' lang='lat' dir='ltr'><strong>(a.</strong></span> <span class='ocrx_word' id='word_1_78' title='bbox 647 1379 674 1417; x_wconf 94' lang='lat' dir='ltr'><strong>u.</strong></span> <span class='ocrx_word' id='word_1_79' title='bbox 705 1378 730 1418; x_wconf 91' lang='lat' dir='ltr'><strong>c.</strong></span> <span class='ocrx_word' id='word_1_80' title='bbox 756 1356 819 1419; x_wconf 80' lang='lat'><strong>472</strong></span> <span class='ocrx_word' id='word_1_81' title='bbox 846 1357 880 1417; x_wconf 88' lang='grc' dir='ltr'><strong>Κ.</strong></span> <span class='ocrx_word' id='word_1_82' title='bbox 901 1358 1041 1438; x_wconf 85' lang='lat' dir='ltr'><strong>April),</strong></span> <span class='ocrx_word' id='word_1_83' title='bbox 1072 1378 1107 1420; x_wconf 87' lang='lat' dir='ltr'><strong>ae</strong></span> <span class='ocrx_word' id='word_1_84' title='bbox 1137 1360 1279 1437; x_wconf 79' lang='lat' dir='ltr'><strong>deinceps</strong></span> 
     </span>
     <span class='ocr_line' id='line_1_11' title="bbox 169 1464 1292 1545; baseline 0.001 -20"><span class='ocrx_word' id='word_1_85' title='bbox 169 1465 250 1525; x_wconf 86' lang='lat' dir='ltr'><strong>urhis</strong></span> <span class='ocrx_word' id='word_1_86' title='bbox 265 1464 425 1525; x_wconf 90' lang='lat' dir='ltr'><strong>custodiam</strong></span> <span class='ocrx_word' id='word_1_87' title='bbox 440 1464 623 1541; x_wconf 86' lang='lat' dir='ltr'><strong>moderatur,</strong></span> <span class='ocrx_word' id='word_1_88' title='bbox 646 1466 765 1544; x_wconf 90' lang='lat' dir='ltr'><strong>primum</strong></span> <span class='ocrx_word' id='word_1_89' title='bbox 782 1464 901 1540; x_wconf 89' lang='lat' dir='ltr'><strong>consul,</strong></span> <span class='ocrx_word' id='word_1_90' title='bbox 925 1464 1040 1542; x_wconf 92' lang='lat' dir='ltr'><strong>quando</strong></span> <span class='ocrx_word' id='word_1_91' title='bbox 1056 1466 1180 1526; x_wconf 93' lang='lat' dir='ltr'><strong>noudum</strong></span> <span class='ocrx_word' id='word_1_92' title='bbox 1195 1484 1292 1545; x_wconf 64' lang='lat' dir='ltr'><strong>prae·&gt;</strong></span> 
     </span>
     <span class='ocr_line' id='line_1_12' title="bbox 170 1568 1280 1650; baseline -0.001 -19"><span class='ocrx_word' id='word_1_93' title='bbox 170 1572 291 1631; x_wconf 81' lang='lat' dir='ltr'><strong>teriorat</strong></span> <span class='ocrx_word' id='word_1_94' title='bbox 313 1589 404 1632; x_wconf 91' lang='lat' dir='ltr'><strong>annus</strong></span> <span class='ocrx_word' id='word_1_95' title='bbox 426 1568 607 1644; x_wconf 87' lang='lat' dir='ltr'><strong>consularis,</strong></span> <span class='ocrx_word' id='word_1_96' title='bbox 633 1580 737 1648; x_wconf 89' lang='lat' dir='ltr'><strong>postea</strong></span> <span class='ocrx_word' id='word_1_97' title='bbox 760 1570 803 1648; x_wconf 89' lang='lat' dir='ltr'><strong>(a.</strong></span> <span class='ocrx_word' id='word_1_98' title='bbox 826 1589 854 1632; x_wconf 87' lang='lat' dir='ltr'><strong>u.</strong></span> <span class='ocrx_word' id='word_1_99' title='bbox 874 1588 899 1629; x_wconf 91' lang='lat' dir='ltr'><strong>c.</strong></span> <span class='ocrx_word' id='word_1_100' title='bbox 915 1570 994 1650; x_wconf 81' lang='lat'><strong>473)</strong></span> <span class='ocrx_word' id='word_1_101' title='bbox 1017 1581 1151 1649; x_wconf 88' lang='lat' dir='ltr'><strong>praetor:</strong></span> <span class='ocrx_word' id='word_1_102' title='bbox 1172 1580 1280 1630; x_wconf 93' lang='lat' dir='ltr'><strong>utnon</strong></span> 
     </span>
     <span class='ocr_line' id='line_1_13' title="bbox 170 1673 1280 1756; baseline -0.001 -19"><span class='ocrx_word' id='word_1_103' title='bbox 170 1695 303 1737; x_wconf 87' lang='lat' dir='ltr'><strong>seorsum</strong></span> <span class='ocrx_word' id='word_1_104' title='bbox 335 1696 351 1737; x_wconf 88' lang='lat' dir='ltr'><strong>a</strong></span> <span class='ocrx_word' id='word_1_105' title='bbox 379 1684 478 1736; x_wconf 90' lang='lat' dir='ltr'><strong>nostra</strong></span> <span class='ocrx_word' id='word_1_106' title='bbox 510 1675 653 1734; x_wconf 89' lang='lat' dir='ltr'><strong>sententia</strong></span> <span class='ocrx_word' id='word_1_107' title='bbox 682 1673 801 1736; x_wconf 87' lang='lat' dir='ltr'><strong>Cassius</strong></span> <span class='ocrx_word' id='word_1_108' title='bbox 823 1674 944 1735; x_wconf 86' lang='lat' dir='ltr'><strong>Hemina</strong></span> <span class='ocrx_word' id='word_1_109' title='bbox 971 1695 987 1736; x_wconf 90' lang='lat' dir='ltr'><strong>a</strong></span> <span class='ocrx_word' id='word_1_110' title='bbox 1010 1686 1147 1756; x_wconf 87' lang='lat' dir='ltr'><strong>praetore</strong></span> <span class='ocrx_word' id='word_1_111' title='bbox 1169 1676 1280 1736; x_wconf 84' lang='lat' dir='ltr'><strong>Marcio</strong></span> 
     </span>
     <span class='ocr_line' id='line_1_14' title="bbox 170 1779 1279 1862; baseline -0.003 -19"><span class='ocrx_word' id='word_1_112' title='bbox 170 1783 357 1861; x_wconf 85' lang='lat' dir='ltr'><strong>conscriptos</strong></span> <span class='ocrx_word' id='word_1_113' title='bbox 379 1783 556 1862; x_wconf 86' lang='lat' dir='ltr'><strong>proletarios</strong></span> <span class='ocrx_word' id='word_1_114' title='bbox 577 1779 778 1860; x_wconf 86' lang='lat' dir='ltr'><strong>tradiderit*).</strong></span> <span class='ocrx_word' id='word_1_115' title='bbox 823 1780 915 1841; x_wconf 81' lang='lat' dir='ltr'><strong>Fauet</strong></span> <span class='ocrx_word' id='word_1_116' title='bbox 936 1784 1099 1843; x_wconf 89' lang='lat' dir='ltr'><strong>sententiae</strong></span> <span class='ocrx_word' id='word_1_117' title='bbox 1121 1781 1198 1861; x_wconf 93' lang='lat' dir='ltr'><strong>quod</strong></span> <span class='ocrx_word' id='word_1_118' title='bbox 1223 1780 1279 1840; x_wconf 89' lang='lat' dir='ltr'><strong>Zo-</strong></span> 
     </span>
     <span class='ocr_line' id='line_1_15' title="bbox 170 1868 1278 1969; baseline -0.002 -20"><span class='ocrx_word' id='word_1_119' title='bbox 170 1907 256 1949; x_wconf 89' lang='lat' dir='ltr'><strong>naras</strong></span> <span class='ocrx_word' id='word_1_120' title='bbox 274 1888 342 1948; x_wconf 92' lang='lat' dir='ltr'><strong>Vlll</strong></span> <span class='ocrx_word' id='word_1_121' title='bbox 363 1889 382 1949; x_wconf 88' lang='grc'><strong>3</strong></span> <span class='ocrx_word' id='word_1_122' title='bbox 405 1908 435 1969; x_wconf 90' lang='lat' dir='ltr'><strong>p.</strong></span> <span class='ocrx_word' id='word_1_123' title='bbox 459 1889 518 1948; x_wconf 82' lang='lat'><strong>110</strong></span> <span class='ocrx_word' id='word_1_124' title='bbox 541 1888 587 1948; x_wconf 89' lang='lat' dir='ltr'><strong>ed.</strong></span> <span class='ocrx_word' id='word_1_125' title='bbox 610 1868 700 1945; x_wconf 89' lang='lat' dir='ltr'><strong>Bonn.</strong></span> <span class='ocrx_word' id='word_1_126' title='bbox 724 1887 813 1946; x_wconf 89' lang='lat' dir='ltr'><strong>misso</strong></span> <span class='ocrx_word' id='word_1_127' title='bbox 836 1897 937 1948; x_wconf 91' lang='lat' dir='ltr'><strong>contra</strong></span> <span class='ocrx_word' id='word_1_128' title='bbox 959 1888 1131 1950; x_wconf 87' lang='lat' dir='ltr'><strong>Tarentinos</strong></span> <span class='ocrx_word' id='word_1_129' title='bbox 1152 1888 1278 1963; x_wconf 85' lang='lat' dir='ltr'><strong>Laeuino</strong></span> 
     </span>
     <span class='ocr_line' id='line_1_16' title="bbox 170 1993 1279 2074; baseline -0.001 -20"><span class='ocrx_word' id='word_1_130' title='bbox 170 2003 283 2074; x_wconf 89' lang='lat' dir='ltr'><strong>partem</strong></span> <span class='ocrx_word' id='word_1_131' title='bbox 306 1994 455 2073; x_wconf 88' lang='lat' dir='ltr'><strong>copiarum</strong></span> <span class='ocrx_word' id='word_1_132' title='bbox 476 1995 504 2052; x_wconf 92' lang='lat' dir='ltr'><strong>in</strong></span> <span class='ocrx_word' id='word_1_133' title='bbox 526 1994 598 2053; x_wconf 88' lang='lat' dir='ltr'><strong>urbe</strong></span> <span class='ocrx_word' id='word_1_134' title='bbox 616 1993 747 2054; x_wconf 86' lang='lat' dir='ltr'><strong>relictam</strong></span> <span class='ocrx_word' id='word_1_135' title='bbox 764 2005 985 2063; x_wconf 89' lang='lat' dir='ltr'><strong>commemorat;</strong></span> <span class='ocrx_word' id='word_1_136' title='bbox 1009 2013 1073 2056; x_wconf 91' lang='lat' dir='ltr'><strong>eam</strong></span> <span class='ocrx_word' id='word_1_137' title='bbox 1088 1994 1163 2055; x_wconf 90' lang='lat' dir='ltr'><strong>haud</strong></span> <span class='ocrx_word' id='word_1_138' title='bbox 1181 1994 1279 2070; x_wconf 91' lang='lat' dir='ltr'><strong>dubie,</strong></span> 
     </span>
     <span class='ocr_line' id='line_1_17' title="bbox 171 2097 1280 2179; baseline -0.001 -19"><span class='ocrx_word' id='word_1_139' title='bbox 171 2119 257 2179; x_wconf 85' lang='lat' dir='ltr'><strong>qnam</strong></span> <span class='ocrx_word' id='word_1_140' title='bbox 275 2099 402 2160; x_wconf 79' lang='lat' dir='ltr'><strong>Marcius</strong></span> <span class='ocrx_word' id='word_1_141' title='bbox 430 2107 551 2178; x_wconf 89' lang='lat' dir='ltr'><strong>praetor</strong></span> <span class='ocrx_word' id='word_1_142' title='bbox 578 2097 720 2175; x_wconf 88' lang='lat' dir='ltr'><strong>regebat:</strong></span> <span class='ocrx_word' id='word_1_143' title='bbox 752 2099 789 2159; x_wconf 90' lang='lat' dir='ltr'><strong>de</strong></span> <span class='ocrx_word' id='word_1_144' title='bbox 813 2099 917 2161; x_wconf 86' lang='lat' dir='ltr'><strong>Rufino</strong></span> <span class='ocrx_word' id='word_1_145' title='bbox 938 2102 1081 2163; x_wconf 90' lang='lat' dir='ltr'><strong>dictatore</strong></span> <span class='ocrx_word' id='word_1_146' title='bbox 1105 2100 1280 2160; x_wconf 89' lang='lat' dir='ltr'><strong>Niebuhrius</strong></span> 
     </span>
     <span class='ocr_line' id='line_1_18' title="bbox 171 2204 1322 2291; baseline -0.001 -26"><span class='ocrx_word' id='word_1_147' title='bbox 171 2206 283 2282; x_wconf 79' lang='lat' dir='ltr'><strong>cogitat</strong></span> <span class='ocrx_word' id='word_1_148' title='bbox 310 2204 351 2265; x_wconf 96' lang='lat' dir='ltr'><strong>lll</strong></span> <span class='ocrx_word' id='word_1_149' title='bbox 380 2204 441 2265; x_wconf 84' lang='lat'><strong>579</strong></span> <span class='ocrx_word' id='word_1_150' title='bbox 468 2205 570 2264; x_wconf 89' lang='lat' dir='ltr'><strong>nescio</strong></span> <span class='ocrx_word' id='word_1_151' title='bbox 597 2222 655 2282; x_wconf 93' lang='lat' dir='ltr'><strong>quo</strong></span> <span class='ocrx_word' id='word_1_152' title='bbox 687 2206 759 2264; x_wconf 90' lang='lat' dir='ltr'><strong>iure.</strong></span> <span class='ocrx_word' id='word_1_153' title='bbox 807 2205 954 2267; x_wconf 80' lang='lat' dir='ltr'><strong>Consules</strong></span> <span class='ocrx_word' id='word_1_154' title='bbox 984 2219 1065 2270; x_wconf 89' lang='lat' dir='ltr'><strong>certe</strong></span> <span class='ocrx_word' id='word_1_155' title='bbox 1093 2209 1141 2287; x_wconf 88' lang='lat' dir='ltr'><strong>qni</strong></span> <span class='ocrx_word' id='word_1_156' title='bbox 1169 2205 1280 2268; x_wconf 81' lang='lat' dir='ltr'><strong>Marcio</strong></span> <span class='ocrx_word' id='word_1_157' title='bbox 1320 2286 1322 2291; x_wconf 23' lang='grc' dir='ltr'>Ι</span> 
     </span>
     <span class='ocr_line' id='line_1_19' title="bbox 171 2310 1280 2393; baseline 0.004 -24"><span class='ocrx_word' id='word_1_158' title='bbox 171 2310 357 2389; x_wconf 83' lang='lat' dir='ltr'><strong>Aemilioque</strong></span> <span class='ocrx_word' id='word_1_159' title='bbox 379 2319 602 2385; x_wconf 88' lang='lat' dir='ltr'><strong>successerunt,</strong></span> <span class='ocrx_word' id='word_1_160' title='bbox 625 2319 749 2389; x_wconf 87' lang='lat' dir='ltr'><strong>uterque</strong></span> <span class='ocrx_word' id='word_1_161' title='bbox 771 2315 799 2373; x_wconf 92' lang='lat' dir='ltr'><strong>in</strong></span> <span class='ocrx_word' id='word_1_162' title='bbox 822 2323 918 2374; x_wconf 89' lang='lat' dir='ltr'><strong>castra</strong></span> <span class='ocrx_word' id='word_1_163' title='bbox 939 2314 1065 2393; x_wconf 88' lang='lat' dir='ltr'><strong>proiecti</strong></span> <span class='ocrx_word' id='word_1_164' title='bbox 1088 2323 1186 2374; x_wconf 88' lang='lat' dir='ltr'><strong>erant:</strong></span> <span class='ocrx_word' id='word_1_165' title='bbox 1209 2313 1280 2373; x_wconf 86' lang='lat' dir='ltr'><strong>Lae·</strong></span> 
     </span>
     <span class='ocr_line' id='line_1_20' title="bbox 171 2415 1281 2496; baseline 0.001 -19"><span class='ocrx_word' id='word_1_166' title='bbox 171 2419 271 2495; x_wconf 92' lang='lat' dir='ltr'><strong>uinus,</strong></span> <span class='ocrx_word' id='word_1_167' title='bbox 294 2419 333 2477; x_wconf 91' lang='lat' dir='ltr'><strong>uti</strong></span> <span class='ocrx_word' id='word_1_168' title='bbox 355 2418 431 2494; x_wconf 84' lang='lat' dir='ltr'><strong>dixi,</strong></span> <span class='ocrx_word' id='word_1_169' title='bbox 456 2426 557 2476; x_wconf 90' lang='lat' dir='ltr'><strong>contra</strong></span> <span class='ocrx_word' id='word_1_170' title='bbox 579 2415 769 2496; x_wconf 84' lang='lat' dir='ltr'><strong>Tarentinos,</strong></span> <span class='ocrx_word' id='word_1_171' title='bbox 793 2420 837 2479; x_wconf 83' lang='lat' dir='ltr'><strong>Ti.</strong></span> <span class='ocrx_word' id='word_1_172' title='bbox 863 2419 1061 2480; x_wconf 82' lang='lat' dir='ltr'><strong>Coruncanius</strong></span> <span class='ocrx_word' id='word_1_173' title='bbox 1083 2420 1112 2478; x_wconf 94' lang='lat' dir='ltr'><strong>iu</strong></span> <span class='ocrx_word' id='word_1_174' title='bbox 1134 2419 1281 2480; x_wconf 89' lang='lat' dir='ltr'><strong>desertam</strong></span> 
     </span>
     <span class='ocr_line' id='line_1_21' title="bbox 171 2522 1280 2605; baseline 0.001 -20"><span class='ocrx_word' id='word_1_175' title='bbox 171 2525 209 2585; x_wconf 88' lang='lat' dir='ltr'><strong>ah</strong></span> <span class='ocrx_word' id='word_1_176' title='bbox 228 2524 338 2584; x_wconf 84' lang='lat' dir='ltr'><strong>hlareio</strong></span> <span class='ocrx_word' id='word_1_177' title='bbox 354 2522 488 2583; x_wconf 88' lang='lat' dir='ltr'><strong>Etruriae</strong></span> <span class='ocrx_word' id='word_1_178' title='bbox 507 2523 703 2601; x_wconf 87' lang='lat' dir='ltr'><strong>prouinciam:</strong></span> <span class='ocrx_word' id='word_1_179' title='bbox 727 2526 803 2585; x_wconf 91' lang='lat' dir='ltr'><strong>unde</strong></span> <span class='ocrx_word' id='word_1_180' title='bbox 829 2536 859 2586; x_wconf 91' lang='lat' dir='ltr'><strong>et</strong></span> <span class='ocrx_word' id='word_1_181' title='bbox 881 2527 946 2605; x_wconf 91' lang='lat' dir='ltr'><strong>ipse</strong></span> <span class='ocrx_word' id='word_1_182' title='bbox 970 2534 1037 2603; x_wconf 92' lang='lat' dir='ltr'><strong>post</strong></span> <span class='ocrx_word' id='word_1_183' title='bbox 1059 2543 1175 2604; x_wconf 80' lang='lat' dir='ltr'><strong>pugnae</strong></span> <span class='ocrx_word' id='word_1_184' title='bbox 1190 2525 1280 2586; x_wconf 90' lang='lat' dir='ltr'><strong>llera·</strong></span> 
     </span>
     <span class='ocr_line' id='line_1_22' title="bbox 172 2628 1279 2709; baseline -0.001 -18"><span class='ocrx_word' id='word_1_185' title='bbox 172 2630 300 2691; x_wconf 86' lang='lat' dir='ltr'><strong>cicensis</strong></span> <span class='ocrx_word' id='word_1_186' title='bbox 323 2628 471 2689; x_wconf 79' lang='lat' dir='ltr'><strong>infelicem</strong></span> <span class='ocrx_word' id='word_1_187' title='bbox 496 2629 602 2688; x_wconf 85' lang='lat' dir='ltr'><strong>exitum</strong></span> <span class='ocrx_word' id='word_1_188' title='bbox 620 2629 655 2690; x_wconf 92' lang='lat' dir='ltr'><strong>ad</strong></span> <span class='ocrx_word' id='word_1_189' title='bbox 672 2633 848 2709; x_wconf 89' lang='lat' dir='ltr'><strong>praesidium</strong></span> <span class='ocrx_word' id='word_1_190' title='bbox 865 2633 945 2693; x_wconf 92' lang='lat' dir='ltr'><strong>urhis</strong></span> <span class='ocrx_word' id='word_1_191' title='bbox 959 2641 1126 2692; x_wconf 81' lang='lat' dir='ltr'><strong>reuocetur.</strong></span> <span class='ocrx_word' id='word_1_192' title='bbox 1159 2630 1205 2691; x_wconf 86' lang='lat' dir='ltr'><strong>Gi.</strong></span> <span class='ocrx_word' id='word_1_193' title='bbox 1224 2631 1279 2691; x_wconf 84' lang='lat' dir='ltr'><strong>Zo-</strong></span> 
     </span>
     <span class='ocr_line' id='line_1_23' title="bbox 172 2734 1281 2817; baseline 0 -20"><span class='ocrx_word' id='word_1_194' title='bbox 172 2754 258 2798; x_wconf 88' lang='lat' dir='ltr'><strong>naras</strong></span> <span class='ocrx_word' id='word_1_195' title='bbox 285 2734 352 2796; x_wconf 90' lang='lat' dir='ltr'>v111</span> <span class='ocrx_word' id='word_1_196' title='bbox 378 2735 399 2794; x_wconf 89' lang='grc'>4</span> <span class='ocrx_word' id='word_1_197' title='bbox 429 2753 458 2814; x_wconf 89' lang='lat' dir='ltr'><strong>p.</strong></span> <span class='ocrx_word' id='word_1_198' title='bbox 491 2734 550 2792; x_wconf 84' lang='lat'><strong>114</strong></span> <span class='ocrx_word' id='word_1_199' title='bbox 576 2735 623 2794; x_wconf 90' lang='lat' dir='ltr'><strong>ed.</strong></span> <span class='ocrx_word' id='word_1_200' title='bbox 650 2736 741 2797; x_wconf 91' lang='lat' dir='ltr'><strong>Bonn.</strong></span> <span class='ocrx_word' id='word_1_201' title='bbox 800 2739 870 2799; x_wconf 90' lang='lat' dir='ltr'><strong>Post</strong></span> <span class='ocrx_word' id='word_1_202' title='bbox 902 2756 1026 2817; x_wconf 89' lang='lat' dir='ltr'><strong>pugnam</strong></span> <span class='ocrx_word' id='word_1_203' title='bbox 1051 2736 1281 2800; x_wconf 88' lang='lat' dir='ltr'><strong>Heracleensem</strong></span> 
     </span>
     <span class='ocr_line' id='line_1_24' title="bbox 171 2841 1283 2924; baseline -0.002 -22"><span class='ocrx_word' id='word_1_204' title='bbox 171 2841 300 2918; x_wconf 79' lang='lat' dir='ltr'><strong>Pyrrhus</strong></span> <span class='ocrx_word' id='word_1_205' title='bbox 333 2842 542 2917; x_wconf 73' lang='lat' dir='ltr'><strong>‘interemptos</strong></span> <span class='ocrx_word' id='word_1_206' title='bbox 571 2845 712 2902; x_wconf 83' lang='lat' dir='ltr'><strong>cremauit</strong></span> <span class='ocrx_word' id='word_1_207' title='bbox 745 2847 938 2924; x_wconf 88' lang='lat' dir='ltr'><strong>captiuosque</strong></span> <span class='ocrx_word' id='word_1_208' title='bbox 967 2843 1152 2920; x_wconf 86' lang='lat' dir='ltr'><strong>indulgenter</strong></span> <span class='ocrx_word' id='word_1_209' title='bbox 1183 2842 1283 2903; x_wconf 88' lang='lat' dir='ltr'><strong>hahuit</strong></span> 
     </span>
     <span class='ocr_line' id='line_1_25' title="bbox 172 2947 1280 3029; baseline -0.002 -21"><span class='ocrx_word' id='word_1_210' title='bbox 172 2957 204 3008; x_wconf 90' lang='lat' dir='ltr'><strong>et</strong></span> <span class='ocrx_word' id='word_1_211' title='bbox 231 2949 294 3007; x_wconf 91' lang='lat' dir='ltr'><strong>sine</strong></span> <span class='ocrx_word' id='word_1_212' title='bbox 321 2947 417 3027; x_wconf 91' lang='lat' dir='ltr'><strong>pretio</strong></span> <span class='ocrx_word' id='word_1_213' title='bbox 445 2947 588 3024; x_wconf 85' lang='lat' dir='ltr'><strong>restituit,</strong></span> <span class='ocrx_word' id='word_1_214' title='bbox 619 2950 772 3028; x_wconf 88' lang='lat' dir='ltr'><strong>missisque</strong></span> <span class='ocrx_word' id='word_1_215' title='bbox 795 2953 901 3029; x_wconf 83' lang='lat' dir='ltr'><strong>legatis</strong></span> <span class='ocrx_word' id='word_1_216' title='bbox 923 2952 951 3009; x_wconf 89' lang='lat' dir='ltr'><strong>in</strong></span> <span class='ocrx_word' id='word_1_217' title='bbox 973 2949 1074 3009; x_wconf 87' lang='lat' dir='ltr'><strong>urbem</strong></span> <span class='ocrx_word' id='word_1_218' title='bbox 1097 2950 1173 3008; x_wconf 93' lang='lat' dir='ltr'><strong>omni</strong></span> <span class='ocrx_word' id='word_1_219' title='bbox 1194 2948 1280 3007; x_wconf 93' lang='lat' dir='ltr'><strong>modo</strong></span> 
     </span>
     <span class='ocr_line' id='line_1_26' title="bbox 171 3050 1282 3132; baseline -0.003 -19"><span class='ocrx_word' id='word_1_220' title='bbox 171 3054 290 3115; x_wconf 89' lang='lat' dir='ltr'><strong>adnisus</strong></span> <span class='ocrx_word' id='word_1_221' title='bbox 314 3062 359 3113; x_wconf 89' lang='lat' dir='ltr'><strong>est</strong></span> <span class='ocrx_word' id='word_1_222' title='bbox 380 3062 410 3112; x_wconf 89' lang='lat' dir='ltr'><strong>ut</strong></span> <span class='ocrx_word' id='word_1_223' title='bbox 432 3053 510 3112; x_wconf 89' lang='lat' dir='ltr'><strong>iacto</strong></span> <span class='ocrx_word' id='word_1_224' title='bbox 539 3053 662 3114; x_wconf 86' lang='lat' dir='ltr'><strong>loedere</strong></span> <span class='ocrx_word' id='word_1_225' title='bbox 685 3057 713 3114; x_wconf 93' lang='lat' dir='ltr'><strong>in</strong></span> <span class='ocrx_word' id='word_1_226' title='bbox 736 3057 889 3116; x_wconf 89' lang='lat' dir='ltr'><strong>amicitiam</strong></span> <span class='ocrx_word' id='word_1_227' title='bbox 905 3055 1112 3132; x_wconf 68' lang='lat' dir='ltr'><strong>reciperetur!</strong></span> <span class='ocrx_word' id='word_1_228' title='bbox 1157 3050 1203 3109; x_wconf 85' lang='lat' dir='ltr'><strong>Ex</strong></span> <span class='ocrx_word' id='word_1_229' title='bbox 1225 3050 1282 3110; x_wconf 90' lang='lat' dir='ltr'><strong>hac</strong></span> 
     </span>
     <span class='ocr_line' id='line_1_27' title="bbox 173 3157 1282 3240; baseline -0.006 -19"><span class='ocrx_word' id='word_1_230' title='bbox 173 3160 253 3221; x_wconf 79' lang='lat' dir='ltr'><strong>Flori</strong></span> <span class='ocrx_word' id='word_1_231' title='bbox 274 3158 369 3238; x_wconf 85' lang='lat' dir='ltr'><strong>(Epit.</strong></span> <span class='ocrx_word' id='word_1_232' title='bbox 390 3158 403 3218; x_wconf 96' lang='grc'><strong>1</strong></span> <span class='ocrx_word' id='word_1_233' title='bbox 427 3159 464 3220; x_wconf 91' lang='grc'><strong>13</strong></span> <span class='ocrx_word' id='word_1_234' title='bbox 487 3178 516 3238; x_wconf 80' lang='lat' dir='ltr'><strong>p.</strong></span> <span class='ocrx_word' id='word_1_235' title='bbox 539 3157 579 3219; x_wconf 79' lang='lat'><strong>24</strong></span> <span class='ocrx_word' id='word_1_236' title='bbox 601 3159 702 3240; x_wconf 85' lang='lat' dir='ltr'><strong>Jahn.)</strong></span> <span class='ocrx_word' id='word_1_237' title='bbox 731 3161 897 3220; x_wconf 87' lang='lat' dir='ltr'><strong>narratione</strong></span> <span class='ocrx_word' id='word_1_238' title='bbox 922 3160 1117 3239; x_wconf 85' lang='lat' dir='ltr'><strong>proximorum</strong></span> <span class='ocrx_word' id='word_1_239' title='bbox 1136 3157 1282 3234; x_wconf 84' lang='lat' dir='ltr'><strong>fragmen·</strong></span> 
     </span>
     <span class='ocr_line' id='line_1_28' title="bbox 172 3262 1281 3346; baseline -0.003 -21"><span class='ocrx_word' id='word_1_240' title='bbox 172 3276 268 3326; x_wconf 92' lang='lat' dir='ltr'><strong>torum</strong></span> <span class='ocrx_word' id='word_1_241' title='bbox 289 3262 486 3344; x_wconf 67' lang='lat' dir='ltr'><strong>(xl-xvir)</strong></span> <span class='ocrx_word' id='word_1_242' title='bbox 508 3283 614 3327; x_wconf 86' lang='lat' dir='ltr'><strong>nexum</strong></span> <span class='ocrx_word' id='word_1_243' title='bbox 637 3285 887 3346; x_wconf 89' lang='lat' dir='ltr'><strong>progressumque</strong></span> <span class='ocrx_word' id='word_1_244' title='bbox 910 3268 980 3327; x_wconf 91' lang='lat' dir='ltr'><strong>licet</strong></span> <span class='ocrx_word' id='word_1_245' title='bbox 1000 3266 1094 3326; x_wconf 89' lang='lat' dir='ltr'><strong>animo</strong></span> <span class='ocrx_word' id='word_1_246' title='bbox 1114 3265 1281 3324; x_wconf 77' lang='lat' dir='ltr'><strong>informare.</strong></span> 
     </span>
     <span class='ocr_line' id='line_1_29' title="bbox 173 3369 1282 3452; baseline -0.004 -22"><span class='ocrx_word' id='word_1_247' title='bbox 173 3371 219 3432; x_wconf 93' lang='lat' dir='ltr'><strong>Ac</strong></span> <span class='ocrx_word' id='word_1_248' title='bbox 233 3372 268 3432; x_wconf 85' lang='lat' dir='ltr'><strong>lr.</strong></span> <span class='ocrx_word' id='word_1_249' title='bbox 287 3369 328 3431; x_wconf 89' lang='lat' dir='ltr'><strong>Xl</strong></span> <span class='ocrx_word' id='word_1_250' title='bbox 343 3369 482 3433; x_wconf 83' lang='lat' dir='ltr'><strong>Columna</strong></span> <span class='ocrx_word' id='word_1_251' title='bbox 499 3373 604 3449; x_wconf 94' lang='lat' dir='ltr'><strong>multa,</strong></span> <span class='ocrx_word' id='word_1_252' title='bbox 626 3374 663 3433; x_wconf 92' lang='lat' dir='ltr'><strong>de</strong></span> <span class='ocrx_word' id='word_1_253' title='bbox 679 3392 734 3452; x_wconf 91' lang='lat' dir='ltr'><strong>qua</strong></span> <span class='ocrx_word' id='word_1_254' title='bbox 748 3372 823 3433; x_wconf 88' lang='lat' dir='ltr'><strong>inira</strong></span> <span class='ocrx_word' id='word_1_255' title='bbox 839 3373 965 3434; x_wconf 91' lang='lat' dir='ltr'><strong>delibaui</strong></span> <span class='ocrx_word' id='word_1_256' title='bbox 982 3371 1135 3452; x_wconf 87' lang='lat' dir='ltr'><strong>quaedam,</strong></span> <span class='ocrx_word' id='word_1_257' title='bbox 1151 3369 1282 3431; x_wconf 90' lang='lat' dir='ltr'><strong>doctrina</strong></span> 
     </span>
     <span class='ocr_line' id='line_1_30' title="bbox 172 3475 1284 3560; baseline -0.005 -22"><span class='ocrx_word' id='word_1_258' title='bbox 172 3478 353 3538; x_wconf 88' lang='lat' dir='ltr'><strong>inlustrauit:</strong></span> <span class='ocrx_word' id='word_1_259' title='bbox 377 3496 434 3556; x_wconf 92' lang='lat' dir='ltr'><strong>quo</strong></span> <span class='ocrx_word' id='word_1_260' title='bbox 455 3480 636 3558; x_wconf 89' lang='lat' dir='ltr'><strong>pertinerent</strong></span> <span class='ocrx_word' id='word_1_261' title='bbox 650 3499 754 3540; x_wconf 90' lang='lat' dir='ltr'><strong>uersus</strong></span> <span class='ocrx_word' id='word_1_262' title='bbox 770 3498 825 3539; x_wconf 89' lang='lat' dir='ltr'><strong>neo</strong></span> <span class='ocrx_word' id='word_1_263' title='bbox 844 3482 909 3560; x_wconf 89' lang='lat' dir='ltr'><strong>ipse</strong></span> <span class='ocrx_word' id='word_1_264' title='bbox 926 3499 982 3541; x_wconf 87' lang='lat' dir='ltr'><strong>nec</strong></span> <span class='ocrx_word' id='word_1_265' title='bbox 997 3479 1109 3539; x_wconf 83' lang='lat' dir='ltr'><strong>Merula</strong></span> <span class='ocrx_word' id='word_1_266' title='bbox 1124 3485 1173 3535; x_wconf 88' lang='lat' dir='ltr'><strong>aut</strong></span> <span class='ocrx_word' id='word_1_267' title='bbox 1189 3475 1284 3535; x_wconf 89' lang='lat' dir='ltr'><strong>editor</strong></span> 
     </span>
     <span class='ocr_line' id='line_1_31' title="bbox 172 3580 1283 3663; baseline -0.006 -19"><span class='ocrx_word' id='word_1_268' title='bbox 172 3584 333 3663; x_wconf 86' lang='lat' dir='ltr'><strong>Lipsiensis</strong></span> <span class='ocrx_word' id='word_1_269' title='bbox 360 3587 524 3663; x_wconf 88' lang='lat' dir='ltr'><strong>persensit:</strong></span> <span class='ocrx_word' id='word_1_270' title='bbox 556 3585 593 3647; x_wconf 90' lang='lat' dir='ltr'><strong>de</strong></span> <span class='ocrx_word' id='word_1_271' title='bbox 625 3586 722 3646; x_wconf 90' lang='lat' dir='ltr'><strong>classe</strong></span> <span class='ocrx_word' id='word_1_272' title='bbox 746 3588 820 3646; x_wconf 90' lang='lat' dir='ltr'><strong>euim</strong></span> <span class='ocrx_word' id='word_1_273' title='bbox 843 3588 896 3649; x_wconf 91' lang='lat' dir='ltr'><strong>sub</strong></span> <span class='ocrx_word' id='word_1_274' title='bbox 920 3588 1027 3647; x_wconf 89' lang='lat' dir='ltr'><strong>initium</strong></span> <span class='ocrx_word' id='word_1_275' title='bbox 1050 3583 1122 3646; x_wconf 89' lang='lat' dir='ltr'><strong>belli</strong></span> <span class='ocrx_word' id='word_1_276' title='bbox 1144 3580 1283 3642; x_wconf 87' lang='lat' dir='ltr'><strong>Punicia</strong></span> 
     </span>
    </p>
   </div>
   <div class='ocr_carea' id='block_1_3' title="bbox 173 3769 383 3779">
    <p class='ocr_par' dir='ltr' id='par_1_3' title="bbox 173 3769 383 3779">
     <span class='ocr_line' id='line_1_32' title="bbox 173 3769 383 3779; baseline -0.01 0"><span class='ocrx_word' id='word_1_277' title='bbox 173 3769 383 3779; x_wconf 77' lang='grc'><strong>..---</strong></span> 
     </span>
    </p>
   </div>
   <div class='ocr_carea' id='block_1_4' title="bbox 175 3890 1286 4306">
    <p class='ocr_par' dir='ltr' id='par_1_4' title="bbox 175 3890 1286 4306">
     <span class='ocr_line' id='line_1_33' title="bbox 245 3890 1284 3962; baseline -0.014 -14"><span class='ocrx_word' id='word_1_278' title='bbox 245 3895 273 3962; x_wconf 84' lang='grc'><strong>*)</strong></span> <span class='ocrx_word' id='word_1_279' title='bbox 291 3897 356 3947; x_wconf 85' lang='lat' dir='ltr'><strong>ilinc</strong></span> <span class='ocrx_word' id='word_1_280' title='bbox 373 3896 480 3959; x_wconf 87' lang='lat' dir='ltr'><strong>adparet</strong></span> <span class='ocrx_word' id='word_1_281' title='bbox 497 3895 602 3944; x_wconf 90' lang='lat' dir='ltr'><strong>secundi</strong></span> <span class='ocrx_word' id='word_1_282' title='bbox 622 3896 722 3946; x_wconf 87' lang='lat' dir='ltr'><strong>annalis</strong></span> <span class='ocrx_word' id='word_1_283' title='bbox 740 3896 861 3946; x_wconf 87' lang='lat' dir='ltr'><strong>Heminae</strong></span> <span class='ocrx_word' id='word_1_284' title='bbox 878 3893 941 3941; x_wconf 85' lang='lat' dir='ltr'><strong>fines</strong></span> <span class='ocrx_word' id='word_1_285' title='bbox 959 3891 1087 3953; x_wconf 86' lang='lat' dir='ltr'><strong>aliquanto</strong></span> <span class='ocrx_word' id='word_1_286' title='bbox 1108 3890 1208 3954; x_wconf 86' lang='lat' dir='ltr'><strong>lougius</strong></span> <span class='ocrx_word' id='word_1_287' title='bbox 1226 3901 1284 3951; x_wconf 91' lang='lat' dir='ltr'><strong>pro·</strong></span> 
     </span>
     <span class='ocr_line' id='line_1_34' title="bbox 175 3970 1285 4048; baseline -0.014 -15"><span class='ocrx_word' id='word_1_288' title='bbox 175 3983 296 4034; x_wconf 86' lang='lat' dir='ltr'><strong>lereudos</strong></span> <span class='ocrx_word' id='word_1_289' title='bbox 318 3998 375 4033; x_wconf 89' lang='lat' dir='ltr'><strong>esse</strong></span> <span class='ocrx_word' id='word_1_290' title='bbox 396 3997 469 4044; x_wconf 72' lang='lat' dir='ltr'><strong>&lt;qurum</strong></span> <span class='ocrx_word' id='word_1_291' title='bbox 493 3997 508 4029; x_wconf 86' lang='lat' dir='ltr'><strong>a</strong></span> <span class='ocrx_word' id='word_1_292' title='bbox 530 3979 691 4048; x_wconf 84' lang='lat' dir='ltr'><strong>Selrweglero</strong></span> <span class='ocrx_word' id='word_1_293' title='bbox 716 3981 809 4031; x_wconf 87' lang='lat' dir='ltr'><strong>lactum</strong></span> <span class='ocrx_word' id='word_1_294' title='bbox 835 3980 909 4030; x_wconf 88' lang='lat' dir='ltr'><strong>uideo</strong></span> <span class='ocrx_word' id='word_1_295' title='bbox 933 3978 996 4029; x_wconf 87' lang='lat' dir='ltr'><strong>Hist.</strong></span> <span class='ocrx_word' id='word_1_296' title='bbox 1021 3980 1094 4030; x_wconf 84' lang='lat' dir='ltr'><strong>Rom.</strong></span> <span class='ocrx_word' id='word_1_297' title='bbox 1115 3978 1125 4025; x_wconf 96' lang='grc'><strong>1</strong></span> <span class='ocrx_word' id='word_1_298' title='bbox 1146 3975 1190 4025; x_wconf 85' lang='grc'><strong>87.</strong></span> <span class='ocrx_word' id='word_1_299' title='bbox 1233 3970 1285 4019; x_wconf 89' lang='lat' dir='ltr'><strong>Neo</strong></span> 
     </span>
     <span class='ocr_line' id='line_1_35' title="bbox 175 4057 1286 4135; baseline -0.017 -14"><span class='ocrx_word' id='word_1_300' title='bbox 175 4070 337 4135; x_wconf 85' lang='lat' dir='ltr'><strong>inprobabile</strong></span> <span class='ocrx_word' id='word_1_301' title='bbox 366 4069 468 4118; x_wconf 89' lang='lat' dir='ltr'><strong>uidetur</strong></span> <span class='ocrx_word' id='word_1_302' title='bbox 495 4066 625 4116; x_wconf 87' lang='lat' dir='ltr'><strong>Hemiuam</strong></span> <span class='ocrx_word' id='word_1_303' title='bbox 653 4070 736 4134; x_wconf 86' lang='lat' dir='ltr'><strong>primo</strong></span> <span class='ocrx_word' id='word_1_304' title='bbox 763 4068 847 4118; x_wconf 88' lang='lat' dir='ltr'><strong>uunali</strong></span> <span class='ocrx_word' id='word_1_305' title='bbox 875 4066 976 4114; x_wconf 89' lang='lat' dir='ltr'><strong>urbium</strong></span> <span class='ocrx_word' id='word_1_306' title='bbox 1002 4063 1145 4112; x_wconf 84' lang='lat' dir='ltr'><strong>italicarum</strong></span> <span class='ocrx_word' id='word_1_307' title='bbox 1172 4057 1286 4121; x_wconf 88' lang='lat' dir='ltr'><strong>origines</strong></span> 
     </span>
     <span class='ocr_line' id='line_1_36' title="bbox 176 4142 1285 4217; baseline -0.014 -14"><span class='ocrx_word' id='word_1_308' title='bbox 176 4163 313 4217; x_wconf 83' lang='lat' dir='ltr'><strong>tractasse,</strong></span> <span class='ocrx_word' id='word_1_309' title='bbox 337 4156 451 4205; x_wconf 87' lang='lat' dir='ltr'><strong>secundo</strong></span> <span class='ocrx_word' id='word_1_310' title='bbox 474 4169 561 4204; x_wconf 88' lang='lat' dir='ltr'><strong>omnes</strong></span> <span class='ocrx_word' id='word_1_311' title='bbox 582 4169 623 4204; x_wconf 85' lang='lat' dir='ltr'><strong>ros</strong></span> <span class='ocrx_word' id='word_1_312' title='bbox 649 4155 707 4204; x_wconf 88' lang='lat' dir='ltr'><strong>inde</strong></span> <span class='ocrx_word' id='word_1_313' title='bbox 725 4170 740 4202; x_wconf 86' lang='lat' dir='ltr'><strong>a</strong></span> <span class='ocrx_word' id='word_1_314' title='bbox 758 4154 855 4203; x_wconf 87' lang='lat' dir='ltr'><strong>Romae</strong></span> <span class='ocrx_word' id='word_1_315' title='bbox 880 4151 1027 4216; x_wconf 89' lang='lat' dir='ltr'><strong>primordiis</strong></span> <span class='ocrx_word' id='word_1_316' title='bbox 1045 4161 1123 4207; x_wconf 90' lang='lat' dir='ltr'><strong>usque</strong></span> <span class='ocrx_word' id='word_1_317' title='bbox 1139 4143 1172 4191; x_wconf 82' lang='lat' dir='ltr'><strong>ad</strong></span> <span class='ocrx_word' id='word_1_318' title='bbox 1190 4142 1285 4190; x_wconf 87' lang='lat' dir='ltr'><strong>exitum</strong></span> 
     </span>
     <span class='ocr_line' id='line_1_37' title="bbox 175 4233 1245 4306; baseline -0.014 -15"><span class='ocrx_word' id='word_1_319' title='bbox 175 4240 236 4291; x_wconf 86' lang='lat' dir='ltr'><strong>belli</strong></span> <span class='ocrx_word' id='word_1_320' title='bbox 251 4242 383 4290; x_wconf 85' lang='lat' dir='ltr'><strong>Tarentini</strong></span> <span class='ocrx_word' id='word_1_321' title='bbox 401 4240 638 4306; x_wconf 83' lang='lat' dir='ltr'><strong>comprehendisse,</strong></span> <span class='ocrx_word' id='word_1_322' title='bbox 657 4240 731 4290; x_wconf 88' lang='lat' dir='ltr'><strong>tertio</strong></span> <span class='ocrx_word' id='word_1_323' title='bbox 749 4247 890 4301; x_wconf 86' lang='lat' dir='ltr'><strong>quartoque</strong></span> <span class='ocrx_word' id='word_1_324' title='bbox 907 4235 973 4285; x_wconf 86' lang='lat' dir='ltr'><strong>bello</strong></span> <span class='ocrx_word' id='word_1_325' title='bbox 991 4233 1086 4282; x_wconf 89' lang='lat' dir='ltr'><strong>Punica</strong></span> <span class='ocrx_word' id='word_1_326' title='bbox 1103 4242 1245 4280; x_wconf 76' lang='lat' dir='ltr'><strong>enarrasse.</strong></span> 
     </span>
    </p>
   </div>
   <div class='ocr_carea' id='block_1_5' title="bbox 1034 4313 1081 4373">
    <p class='ocr_par' dir='ltr' id='par_1_5' title="bbox 1034 4313 1081 4373">
     <span class='ocr_line' id='line_1_38' title="bbox 1034 4313 1081 4373; baseline -0.021 -22"><span class='ocrx_word' id='word_1_327' title='bbox 1034 4313 1081 4373; x_wconf 69' lang='lat' dir='ltr'><strong>d*</strong></span> 
     </span>
    </p>
   </div>
   <div class='ocr_carea' id='block_1_6' title="bbox 0 0 1479 4942">
    <p class='ocr_par' dir='ltr' id='par_1_6' title="bbox 0 0 1479 4942">
     <span class='ocr_line' id='line_1_39' title="bbox 0 0 1479 4942; baseline 0 0"><span class='ocrx_word' id='word_1_328' title='bbox 0 0 1479 4942; x_wconf 95' lang='lat' dir='ltr'><strong> </strong></span> 
     </span>
    </p>
   </div>
  </div>
 </body>
</html>
