2932 4942
569 346 802 409 ΕΝΝΙΑΝΑΕ
1099 354 1248 402 LXXXVII

136 520 238 572 minum
266 520 399 572 memmae
424 519 574 572 arabonam
598 517 667 572 odeo
689 517 862 588 magnificum
888 516 921 568 dc
947 515 1028 569 rebeus
1054 517 1088 570 ob
1111 531 1140 570 sc
1166 518 1248 587 pesth

136 639 268 679 euersum
288 638 355 691 esse,
378 630 409 679 ut
425 626 493 678 sotis
515 627 654 676 ematurat
674 623 807 676 nemiuem
826 639 955 694 umquam
977 637 1064 692 neque
1085 624 1180 677 melius
1198 637 1246 677 ue-

136 745 189 801 que
208 732 304 784 uerius
325 731 466 785 laudatum
488 743 557 783 csse.
580 729 740 783 dicebantur
755 730 826 782 enim
845 728 880 780 ub
902 728 994 782 eodem
1016 730 1107 782 ocimo
1127 730 1246 799 ingenio-

135 850 202 906 que,
224 853 309 906 aquo
329 840 406 908 gestu
429 841 523 902 munt,
544 841 570 889 et
590 837 700 889 aureum
720 834 862 905 fuslidrum
878 833 989 898 chnut,
1012 837 1077 904 quia
1094 850 1150 904 pro
1167 837 1246 904 peri·

135 943 198 996 culo
206 927 217 1008 ‚'
239 958 295 996 uon
313 944 342 996 iu
367 943 483 1012 glorium
505 939 708 1010 referebantur.
752 935 836 994 Vnde
860 935 910 994 ille
931 952 1023 1011 graue
1050 945 1247 1012 argumentum

137 1044 226 1121 petit,
250 1061 353 1101 uersus
377 1042 482 1101 illusa
511 1042 667 1119 Scipione,
698 1060 782 1119 qrrem
814 1059 870 1100 non
897 1041 1037 1101 credibile
1062 1043 1098 1099 sit
1128 1043 1163 1101 ad
1191 1041 1247 1101 hoc

138 1166 230 1226 nsque
253 1157 366 1224 tempus
395 1150 582 1226 perrexisse,
614 1148 727 1207 alienos
756 1150 784 1206 in
808 1148 957 1207 annalibus
987 1147 1024 1206 ibi
1054 1149 1102 1208 ubi
1125 1166 1247 1233 progre-

138 1256 221 1314 diens
247 1257 374 1313 narratio
405 1255 440 1313 ad
472 1256 547 1314 huno
575 1253 670 1312 locum
693 1257 860 1331 peruenerit
890 1256 1040 1333 adpositos
1063 1255 1166 1314 fuisse.
1210 1254 1248 1312 At

136 1370 167 1419 ut
188 1360 262 1419 haec
284 1363 442 1420 conuenire
466 1360 616 1421 annalibus
637 1363 786 1436 concedo,
817 1363 853 1420 ita
880 1380 917 1421 nc
947 1364 990 1421 sic
1019 1362 1133 1440 quidem
1167 1378 1248 1418 meas

138 1484 209 1544 quas
231 1475 298 1525 ante
326 1468 449 1544 exposui
468 1469 595 1526 rationes
625 1467 799 1544 testiumque
828 1470 1029 1527 anctoritatem
1059 1468 1152 1526 euerti
1181 1484 1247 1544 per·

137 1592 254 1633 suasum
284 1580 340 1631 est.
385 1569 467 1630 Enim
484 1590 569 1632 -uero
598 1591 660 1631 eam
688 1592 771 1651 quam
803 1575 904 1653 Scipio
931 1577 966 1634 de
995 1575 1091 1651 gloria
1114 1591 1165 1631 sua
1198 1572 1246 1630 ha·

136 1680 197 1739 buit
219 1680 379 1739 orationem
405 1686 493 1756 poeta
514 1678 628 1754 dignam
653 1679 753 1738 habuit
776 1699 859 1759 quam
884 1682 1022 1758 singulari
1047 1681 1173 1739 carmine
1197 1697 1247 1737 ex·

137 1788 291 1865 primeret:
325 1802 399 1862 quae
433 1802 495 1843 cum
525 1786 647 1843 maxime
678 1787 705 1842 in
732 1787 822 1847 rebus
849 1788 996 1847 Africanis
1022 1793 1138 1844 uersata
1167 1785 1247 1844 uide·

136 1901 217 1966 atur,
247 1909 284 1949 ex
314 1892 358 1949 eis
392 1889 509 1951 haustas
541 1891 679 1969 quasdam
713 1893 855 1969 imagines
881 1892 1004 1949 orationi
1032 1893 1094 1950 siue
1122 1890 1248 1949 subiecit

137 1999 200 2056 siue
224 1997 382 2074 praemisit.
427 1995 529 2056 Erexit
551 1999 637 2074 igitur
657 1997 765 2058 Ennius
781 1999 838 2056 hoo
860 2006 1002 2074 tamquam
1025 1996 1168 2055 amicitiae
1186 2013 1246 2054 mo·

138 2111 300 2161 numentum
322 2099 453 2178 Scipioni
475 2108 532 2157 tum
560 2105 717 2181 temporis,
748 2123 811 2163 cum
834 2103 961 2161 fortasse
984 2103 1061 2162 nulla
1090 2103 1155 2160 dum
1179 2119 1247 2180 pars

138 2209 281 2268 annalium
299 2204 458 2286 prodierat.
492 2208 600 2268 Vemm
613 2211 647 2270 ad
664 2210 740 2269 aliud
756 2209 869 2269 laudum
888 2225 982 2283 genus
1000 2207 1074 2266 haec
1086 2209 1247 2284 fragmenta

138 2317 301 2395 pertinent,
331 2334 413 2390 quum
436 2322 540 2373 tautam
559 2325 679 2374 statuum
696 2326 798 2375 statuet
816 2321 939 2391 populus
964 2318 1107 2373 Romanus
1126 2316 1249 2384 Quamne

136 2426 290 2481 columnam
318 2439 390 2497 quae
418 2428 496 2494 teque
517 2430 543 2479 et
562 2431 608 2480 tuo
629 2433 705 2498 gestu
730 2429 857 2497 loquatur
875 2419 980 2498 (Vll):
1012 2426 1058 2479 uel
1081 2430 1109 2478 tu
1131 2424 1248 2480 dictator

137 2533 184 2587 uel
204 2547 336 2603 equorum
362 2531 533 2601 equitumque
560 2535 691 2602 magister
712 2532 780 2587 Esto
807 2533 853 2586 uel
877 2533 974 2586 consul
995 2524 1067 2604 (IX)
1091 2535 1120 2584 et
1140 2525 1247 2584 Suidae

140 2634 278 2692 memoria
302 2628 420 2709 (Vlll):
454 2631 557 2709 quibus
586 2633 677 2710 ipsum
704 2641 821 2711 poetam
855 2631 1052 2710 adpellauisse
1080 2633 1248 2710 Scipionem

138 2738 270 2816 adparet.
307 2736 403 2813 Atque
426 2735 470 2795 his
487 2756 561 2797 nunc
586 2757 693 2797 uereor
714 2749 743 2797 ut
765 2747 847 2797 recte
865 2739 941 2796 hunc
960 2738 1054 2796 locum
1076 2738 1247 2814 adsignare·

139 2845 208 2918 rim,
232 2844 341 2923 quippe
361 2857 377 2899 a
401 2841 505 2918 quibus
533 2844 633 2905 iniuria
657 2846 731 2905 haec
755 2844 896 2923 particula
920 2848 1012 2918 Scapis
1034 2851 1132 2902 inuicte
1155 2843 1246 2920 (Anu.

138 2948 179 3008 lX
194 2948 230 3007 fr.
248 2945 333 3023 Xlll)
350 2946 449 3006 diuelli
468 2949 608 3008 uideatur.
647 2949 728 3022 Quae
751 2949 828 3028 quod
854 2967 890 3006 ex
918 2947 1068 3007 annalibus
1097 2947 1247 3027 desumpta

139 3062 231 3128 esset,
257 3053 319 3111 eius
344 3055 388 3111 rei
409 3052 520 3130 Hugius
543 3056 570 3115 id
595 3074 662 3113 esse
686 3055 793 3114 indicio
818 3055 937 3131 putauit,
962 3051 1038 3130 quod
1062 3048 1169 3110 Cicero
1190 3052 1247 3111 hoo

139 3167 282 3234 tamquam
305 3156 454 3234 singulare
474 3159 568 3218 hiatus
589 3161 753 3238 exemplum
777 3159 917 3231 adferret,
940 3158 967 3215 ui
989 3157 1089 3214 mirum
1106 3157 1247 3216 annalium

139 3272 246 3322 tantum
274 3280 399 3321 memor:
438 3266 553 3343 qrrando
580 3284 746 3344 comparem
776 3266 880 3324 hiatum
903 3271 1022 3341 praeter
1049 3263 1168 3322 annales
1191 3263 1248 3325 hoc

138 3371 315 3447 epigramma
338 3368 493 3430 exhiberet
514 3377 636 3446 aspicite,
658 3378 772 3444 cocus,
794 3378 868 3430 senis
886 3373 963 3428 Enni
981 3374 1106 3445 imagines
1126 3374 1248 3446 formum

139 3475 257 3553 (Epigr.
280 3473 320 3553 l).
367 3474 411 3532 Ac
426 3474 624 3536 Lachmannus
648 3478 763 3556 quidem
780 3478 806 3534 in
821 3476 905 3535 Lucr.
929 3475 969 3536 lll
987 3477 1066 3537 1034
1083 3477 1157 3537 istud
1173 3479 1246 3537 frus·

139 3581 228 3640 tulum
251 3583 279 3639 in
305 3582 371 3659 ipso
391 3580 563 3659 prohoemio
592 3585 733 3643 annalium
760 3602 817 3642 non
844 3583 961 3641 multum
985 3593 1051 3642 ante
1074 3583 1144 3643 illud
1170 3584 1247 3663 quod

138 3686 198 3746 dixi
220 3686 411 3762 fragmentum
431 3709 514 3763 quam
536 3698 640 3749 tanum
658 3699 775 3748 statuum
796 3707 823 3747 e.
848 3707 876 3765 q.
900 3708 924 3746 s.
949 3690 1039 3749 fuisse
1065 3688 1246 3767 opinabatur.

139 3791 221 3864 Quos
244 3811 349 3852 uersus
369 3811 432 3851 cum
453 3794 612 3852 concedam
637 3793 705 3851 olim
728 3810 804 3854 nexu
826 3795 950 3873 quodam
973 3795 1159 3869 cohaesisse,
1187 3797 1247 3872 qui·

140 3897 195 3956 bus
223 3899 251 3956 in
277 3899 353 3957 idem
382 3902 558 3958 consortium
584 3899 659 3958 addo
687 3899 747 3958 Sal.
771 3898 810 3959 lIl
839 3901 874 3959 fr.
898 3898 974 3957 Vlll.
1003 3899 1061 3974 lx,
1090 3908 1185 3958 tamen
1211 3898 1249 3958 db

139 4002 310 4079 prohoemio
333 4005 475 4064 dissentio
496 4007 550 4080 ita,
571 4014 602 4063 ut
621 4006 695 4065 haec
717 4008 811 4065 omnia
827 4005 922 4064 malim
938 4007 966 4063 in
987 4021 1064 4063 nonu
1079 4001 1173 4061 annali
1192 4000 1249 4060 hoc

139 4115 184 4166 est
207 4108 247 4166 ibi
270 4108 318 4167 ubi
342 4111 490 4187 Scipionis
521 4128 569 4169 res
592 4111 781 4172 narrabantur
812 4111 977 4171 conlocari:
1009 4110 1063 4167 nisi
1085 4108 1161 4166 forte
1191 4105 1248 4166 hoc
