2932 4942
627 360 857 418 nnnnmvn

685 528 792 600 XVIII

288 688 543 704 .....
598 633 665 701 diui
685 631 748 701 hoc
771 632 881 700 erudite
900 654 1087 724 parumper,

196 746 257 806 215
287 737 331 805 Vt
351 761 411 828 pro
432 739 582 807 Romano
606 735 730 826 populo
750 736 961 826 prognariter
980 737 1080 806 annis

287 840 451 910 Certrnclo
474 841 621 932 prudens
642 839 782 907 animam
801 839 843 906 de
863 860 1004 929 corpore
1022 841 1124 908 mitto.

699 957 777 1027 XIX

286 1062 411 1132 Lumen
464 1114 782 1132 ......
836 1060 939 1129 scitus
957 1084 1064 1152 agaso

708 1179 772 1248 XX

284 1284 432 1352 Vertitur
455 1284 579 1352 interea
601 1283 727 1352 caelum
752 1304 825 1351 curn
849 1283 1040 1373 ingentibus
1060 1283 1178 1374 signis.

284 1505 327 1572 Vt
346 1505 485 1594 primum
509 1505 652 1573 tenebris
677 1402 812 1573 afflig
833 1502 1019 1573 indalbobat

730 1623 756 1691 II
770 1622 810 1656 **

190 1733 251 1794 220
280 1725 385 1808 Ouum
407 1748 502 1794 nemo
521 1727 610 1795 ferro
627 1624 734 1816 poiriit
750 1747 910 1816 superare
933 1746 994 1793 nec
1016 1747 1108 1793 auro.

605 2009 765 2121 cinno
798 2009 857 2091 ui

713 2198 757 2268 l*
892 2256 896 2263 .

278 2350 658 2370 .......
713 2301 876 2391 scripsere
895 2299 949 2369 alii
970 2319 1038 2366 rern

278 2399 444 2472 Vorsibus
466 2423 551 2495 quos
575 2403 652 2473 olim
676 2405 799 2474 Faunei
823 2407 985 2495 uatesque
1009 2400 1202 2469 canebantz.

174 2582 197 2631 V
210 2581 262 2634 478
276 2599 303 2649 p.
314 2584 348 2634 95
358 2585 423 2636 Keil.
449 2585 504 2635 ‘iric
518 2587 599 2635 uictor
617 2602 742 2653 superans
759 2588 852 2636 animIs
869 2595 992 2647 tauroque
1007 2583 1134 2649 superbus
1150 2606 1221 2616 --
1236 2580 1290 2647 [sse

174 2654 216 2704 cui
229 2668 336 2720 superes
349 2653 394 2720 -]
410 2657 510 2704 animus
524 2658 656 2721 pugnandi
672 2658 740 2706 uires
756 2653 761 2725 Ι
776 2659 800 2707 ei
811 2664 932 2721 cuperant
946 2654 1028 2711 letus,
1049 2653 1145 2719 pariter
1163 2650 1289 2700 bumento

173 2731 318 2788 sequentur.
345 2724 442 2774 Ennius
457 2726 483 2774 In
500 2726 534 2774 VI
552 2728 598 2774 ...⁸
669 2726 756 2775 XVIII
777 2725 875 2775 Nonius
888 2741 915 2790 p.
932 2723 1022 2783 Inoo
1044 2722 1287 2803 ‘prognnriten

172 2801 274 2843 strenue
284 2792 382 2843 loctitor
391 2802 416 2844 et
425 2803 576 2844 constanter.
599 2795 704 2844 Plautus
714 2796 791 2845 Persa
806 2832 844 2843 ...
866 2795 964 2844 Ennius
977 2792 1106 2842 annalium
1123 2791 1167 2839 lib.
1180 2792 1216 2839 VI
1232 2791 1288 2838 ...⁹

172 2862 229 2913 Non
250 2871 319 2913 recte
337 2863 447 2914 Nonium
477 2865 608 2930 accepisse
632 2878 723 2915 nocem
749 2871 865 2930 apertum
935 2861 999 2912 XIX
1021 2863 1111 2911 Festus
1132 2875 1159 2925 p.
1178 2859 1231 2910 330
1252 2859 1286 2908 M.

172 2937 180 2961 ‘
206 2934 314 2983 scitae
335 2933 401 2982 alios
424 2932 578 2999 quaesunt]
598 2935 665 2984 bona
685 2934 765 2994 faule,
792 2933 858 2985 alios
882 2933 957 2982 bonis
975 2929 1085 2997 [ortibus
1106 2929 1243 2987 mulieres,
1273 2943 1288 2976 a

172 3004 269 3069 poetis
296 3011 451 3068 usurpantur
472 3030 505 3040 -
531 3005 627 3054 Ennius
651 3005 677 3054 In
697 3004 762 3054 libro
785 3005 820 3053 VI
845 3003 909 3052 ...¹
987 3000 1038 3050 XX
1062 2999 1207 3049 Macrobius
1231 2996 1285 3046 Sat.

197 3074 207 3122 I
224 3071 236 3121 l
258 3087 284 3139 p.
294 3071 347 3123 498
360 3073 417 3122 Jan.
439 3074 560 3123 ‘uertitur
575 3075 673 3124 interea
686 3074 784 3125 caelum
798 3081 823 3122 et
836 3073 887 3122 ruit
902 3084 997 3121 oceano
1011 3084 1071 3119 nox.
1092 3066 1170 3134 [Aen.
1188 3065 1286 3132 112qu

171 3134 267 3192 llnnlus
291 3143 317 3193 in
336 3142 401 3191 Iibro
425 3152 497 3192 sexto
521 3145 581 3192 ...'
599 3139 714 3208 (libro
739 3144 801 3202 VI⁰‚
831 3157 881 3192 om.
905 3143 953 3200 in,
981 3139 1082 3205 Anglic.
1107 3135 1218 3200 Salisio.)
1275 3154 1278 3159 ·

171 3210 234 3260 XXI
253 3211 367 3262 Achilleo
381 3210 478 3262 Statius
499 3212 753 3274 locutiuncula
781 3211 915 3262 ‘lustrauit
935 3210 1038 3259 aethera
1060 3208 1161 3258 album:
1189 3207 1286 3256 Ennius

172 3280 204 3329 do
224 3281 293 3330 sole:
322 3278 414 3347 [1921.
442 3283 473 3330 Et
490 3283 515 3330 in
533 3291 605 3332 sexto
624 3283 672 3331 ...'
703 3281 848 3346 Appuleius
868 3282 970 3330 Metam.
992 3280 1039 3328 VII
1062 3280 1098 3328 in.
1114 3293 1140 3343 p.
1152 3277 1204 3327 445
1218 3276 1284 3325 oud.

172 3357 214 3397 ‘ut
226 3350 336 3413 primum
354 3351 466 3401 tenebris
479 3352 586 3401 obiectIs
599 3352 655 3401 dies
673 3334 821 3411 inalbebat,
846 3359 872 3401 et
891 3348 1029 3399 candidum
1048 3348 1112 3398 solia
1131 3345 1285 3396 curriculum

170 3426 261 3467 cuncta
280 3416 455 3467 collustrabat·
474 3437 496 3468 e.
512 3435 536 3482 q.
549 3436 571 3469 s.
644 3420 717 3469 XXII
737 3419 825 3469 Cicero
838 3419 871 3469 de
885 3435 912 3469 re
927 3434 954 3484 p.
971 3419 1007 3468 Ill
1019 3417 1044 3479 3,
1056 3418 1072 3469 6
1093 3421 1142 3467 ‘ex
1155 3431 1205 3479 qua
1219 3414 1283 3463 uita·

170 3484 293 3619 {oppilari}l
301 3484 376 3618 picit)
395 3488 446 3537 ‘sic
461 3489 552 3537 summi
567 3489 617 3539 uiri
631 3495 766 3550 ornantur,
785 3496 814 3537 ut
828 3487 871 3538 uel
885 3488 917 3538 Μ’
934 3488 1041 3549 Uirrius,
1060 3486 1166 3550 quem’
1182 3501 1204 3535 e.
1219 3501 1244 3547 q.
1260 3498 1281 3532 s.

186 3574 192 3587 ·
222 3568 274 3604 ·oo
296 3591 302 3603 .

185 3656 290 3706 lmen
307 3656 355 3706 VII
392 3659 402 3706 I
422 3657 509 3709 Cicero
531 3660 600 3709 Brut.
623 3658 665 3719 19,
684 3659 718 3711 76
739 3663 838 3712 ‘tamen
856 3658 927 3710 illius
946 3675 1022 3725 quem
1046 3661 1072 3708 in
1095 3659 1231 3710 uatibus
1253 3665 1283 3708 et

171 3832 281 3900 ...Ioro,
303 3833 358 3888 nisi
371 3830 390 3886 d
403 3837 444 3886 cst
451 3834 547 3902 prima
559 3834 662 3905 littero,
682 3836 743 3892 cod.
771 3850 888 3892 munera
901 3834 940 3892 H.
956 3833 1063 3892 Kallas
1148 3840 1283 3905 spernunt

169 3918 228 3973 cod.
335 3915 586 3975 inclinamus.
611 3919 736 3976 diulibn'
817 3926 871 3980 215
888 3920 1071 3995 prognapiter
1087 3917 1284 3978 cabaneros

169 4000 331 4059 adPurrlum
337 4002 413 4058 Festi
418 4018 450 4074 p.
458 4006 502 4060 9⁵.
524 4000 568 4074 δῖ.
582 4002 764 4074 Non.154‚30
867 4009 919 4064 216
932 4005 1053 4060 animam
1064 4005 1175 4062 Alcb'nu.
1189 4003 1283 4060 anIma

168 4086 232 4142 libri
314 4091 366 4146 217
394 4086 541 4155 iumenpa]
568 4086 606 4146 Η.
629 4088 766 4163 Ilberptuc
871 4095 924 4150 219
949 4088 1112 4145 indaibabal
1132 4089 1198 4144 Oria
1219 4087 1282 4142 dies

176 4170 360 4245 Wolcfiridas
370 4172 409 4226 od
419 4172 502 4227 Litcr.
517 4169 535 4225 I
542 4176 586 4230 83.
603 4175 744 4230 inalbabat
756 4176 818 4232 dies
831 4173 942 4231 Statius.
958 4174 1020 4229 dies
1036 4174 1176 4230 inalbebat
1186 4172 1282 4245 Appo-

168 4257 237 4311 leius
342 4262 394 4316 222
418 4248 633 4331 uorsibos'uliq.
658 4260 736 4317 codd.
752 4261 864 4334 Lupum.
885 4262 914 4313 in
930 4260 1019 4315 Bruto
1034 4261 1069 4320 76
1089 4259 1219 4314 uersibus
1237 4270 1283 4312 ce·
