2932 4942
208 346 320 392 LXVIII
611 328 926 398 quaestiones

210 500 360 560 admodum
378 497 464 559 dnbia
485 512 533 554 res
557 502 618 567 est,
648 509 770 571 qnorum
789 493 1022 555 conlocationem
1045 495 1156 571 Hugins
1176 498 1214 555 ita
1239 515 1322 574 prae·
1365 510 1370 520 ·

210 608 272 681 intr,
296 615 326 664 ut
347 606 382 663 lr.
404 601 470 661 XlV
487 598 743 674 Carthaginienses
761 599 993 676 significarentur
1011 622 1046 661 ne
1064 603 1225 662 libertatem
1243 605 1322 663 amit·

210 721 304 771 tarent
324 717 489 788 precantes,
511 705 605 764 altero
624 702 678 762 XV
697 707 777 782 pacis
801 707 919 773 initium,
939 727 993 787 qna
1009 709 1045 769 ad
1064 709 1219 787 poliendos
1234 726 1323 784 agros

209 816 327 893 regredi
355 816 476 886 liceret,
506 811 720 887 designaretur.
766 811 811 870 De
837 813 956 872 relicnis
982 832 1103 893 prorsus
1133 813 1202 873 nilril
1226 813 1322 873 liabeo

210 921 287 1002 quod
313 918 433 979 eruditis
463 933 640 996 proponam:
672 917 726 973 nisi
756 916 823 976 mibi
853 920 967 996 quidem
995 920 1060 981 uela
1091 921 1182 978 urentis
1214 919 1321 993 iullata,

209 1029 287 1106 quod
301 1026 412 1102 Hugins
433 1022 535 1095 uoluit,
554 1022 707 1081 admodum
730 1021 852 1081 ridicule
871 1026 964 1085 uideri
984 1046 1047 1087 cnm
1061 1026 1202 1104 Cyclopis
1220 1034 1322 1085 uentre

208 1134 337 1193 humanis
359 1130 494 1191 carnibus
513 1129 640 1187 distento
663 1125 765 1205 (XVI)
788 1128 926 1189 conferri.

648 1312 896 1378 CAPVTV

292 1447 415 1507 Punicas
439 1461 487 1502 res
510 1442 546 1502 ad
575 1443 658 1501 linem
685 1453 859 1520 persecatus
883 1451 973 1522 potita
995 1461 1073 1503 nono
1094 1444 1265 1522 prohoemio
1286 1445 1322 1504 ad

209 1553 346 1614 bellum
373 1548 659 1611 Macedonicum
691 1549 797 1626 pergit.
845 1547 932 1608 Cuius
965 1549 1035 1608 belli
1065 1550 1151 1609 initia·
1175 1550 1244 1608 licet
1267 1550 1321 1607 iarn
1409 1564 1413 1581 ¹

208 1660 236 1717 in
264 1655 445 1718 Hannibalici
478 1653 614 1713 tumultus
647 1662 780 1730 tempora
810 1653 951 1727 incidant,
987 1664 1056 1732 puto
1085 1664 1180 1714 tamen
1201 1651 1322 1711 Ennium

208 1764 349 1824 decimo
373 1761 471 1821 libro
495 1759 531 1819 ab
554 1759 626 1837 ipsis
641 1759 790 1836 principiis
810 1758 935 1837 Philippi
958 1778 1007 1818 res
1028 1760 1214 1837 repetiuissc.
1260 1759 1323 1818 Hoc

209 1869 367 1927 enimcum
390 1866 539 1927 exordium
563 1864 629 1923 milri
655 1863 840 1923 subindicare
862 1865 994 1924 uideatur
1015 1871 1106 1921 mcccc
1130 1869 1215 1925 Micca
1238 1872 1326 1925 maran

209 1978 400 2033 Romanomtm
431 1976 613 2045 inrlapcrator
639 1973 718 2040 aina
751 1976 865 2045 quasque
897 1976 924 2029 in
958 1973 1026 2028 totto
1054 1976 1137 2045 possit
1166 1990 1230 2030 cam
1256 1992 1322 2047 rape

207 2083 337 2153 Philippo
367 2077 430 2156 (Ι),
459 2086 515 2135 tum
544 2075 572 2134 id
600 2074 678 2152 quod
702 2075 800 2151 potior
830 2074 969 2134 librorum
1002 2077 1162 2136 auctoritas
1196 2076 1321 2151 decimo,

208 2181 319 2259 aliquot
343 2181 408 2241 libri
435 2181 587 2240 undecimo
610 2179 706 2238 annali
731 2179 877 2239 ascribunt
895 2179 930 2237 lr.
952 2178 978 2238 ΙΙ
1001 2184 1151 2241 deauratam
1176 2197 1323 2260 cccmpsan!

209 2286 416 2363 percommode
447 2288 481 2347 ad
509 2289 602 2366 ipsum
624 2285 807 2345 Macedonici
838 2283 909 2343 belli
938 2287 1021 2363 quasi
1050 2285 1138 2345 limen
1160 2289 1319 2367 relegatur.

208 2391 304 2451 liuius
334 2393 408 2451 enim
435 2411 499 2451 cum
521 2393 549 2450 in
572 2409 609 2451 eo
633 2400 697 2465 est,
728 2398 758 2449 ut
779 2389 952 2450 Aetolorum
981 2392 1153 2473 anilippo
1177 2395 1320 2455 delectio-

209 2514 273 2557 nem
299 2497 342 2573 (a.
367 2516 393 2555 u.
418 2515 444 2556 c.
469 2496 546 2575 542)
581 2495 751 2575 perhibeat,
780 2495 855 2555 haec
881 2496 985 2574 quibus
1017 2499 1146 2575 inprimis
1167 2500 1319 2561 lrustulum

168 2577 172 2583 '
210 2602 280 2662 illud
304 2602 451 2662 inlustrari
468 2603 580 2665 uidetur
604 2603 731 2662 narrauit
754 2599 867 2678 (XXVl
889 2601 962 2681 26);
986 2608 1130 2665 Liceainas
1148 2614 1224 2666 aeas
1240 2615 1321 2682 pida-

208 2713 278 2782 cipno
304 2729 321 2765 a
353 2711 478 2786 Corcyra
506 2713 650 2785 profectas
678 2710 794 2765 nequibas
822 2721 954 2783 saporato
981 2714 1103 2770 Leucata
1127 2719 1321 2786 pronutrrtnrio

208 2834 270 2872 cam
293 2820 413 2873 uouisset
436 2818 626 2889 Naupactum,
652 2816 812 2887 Anticyram
839 2819 902 2875 bade
928 2835 959 2874 oe
979 2823 1131 2891 petitarum
1158 2823 1262 2889 edicat,
1291 2830 1323 2877 at

206 2931 318 2993 praesto
335 2924 373 2978 ibi
389 2923 495 2994 Scopas
516 2926 655 2996 Aetolique
674 2927 773 2977 essent.
1111 2915 1115 2921 ’

293 3021 419 3085 Ceterae
447 3026 589 3105 reliquiae
612 3026 648 3086 de
671 3025 775 3104 quibus
799 3027 938 3085 conicere
964 3009 1072 3105 aliquid
1098 3029 1180 3088 licuit
1202 3030 1318 3108 plerae-

208 3147 265 3215 que
292 3146 392 3189 omnes
418 3131 453 3190 ad
475 3131 507 3191 T.
540 3132 709 3207 Quinctii
731 3131 931 3209 Flaminini
959 3132 1061 3192 landes
1095 3144 1144 3193 ant
1174 3137 1319 3228 pertinent

205 3244 255 3313 ‚aut
277 3244 400 3312 possunt
429 3255 466 3296 eo
495 3240 646 3298 commode
671 3237 787 3296 relerri.
831 3237 903 3296 Nam
932 3247 962 3298 et
991 3257 1056 3297 eum
1078 3232 1317 3320 quem‘egregie

208 3339 358 3398 cordatum
378 3341 538 3402 hominem'
559 3344 628 3403 dicit
651 3351 740 3421 poeta
764 3343 836 3424 (ΙΙΙ)
866 3343 904 3404 ibi
928 3345 1080 3423 probabile
1104 3356 1149 3406 est
1172 3347 1317 3407 laudatum

206 3444 309 3519 luisse,
331 3445 379 3504 ubi
402 3447 464 3504 eius
486 3449 641 3523 conlegam
659 3450 686 3506 in
703 3449 855 3508 consulatu
874 3449 964 3510 luisse
980 3449 1167 3510 Flamininum
1188 3453 1232 3530 (a.
1245 3470 1272 3509 u.
1290 3471 1315 3511 o.

207 3548 285 3626 554)
316 3551 460 3611 narrabat.
506 3549 551 3609 (ll.
586 3551 684 3610 Liuius
716 3552 828 3613 XXXII
858 3556 886 3613 7.
931 3554 1036 3633 Neque
1068 3557 1096 3614 in
1126 3558 1204 3617 Aelii
1229 3558 1317 3617 rebus

207 3659 265 3710 turn
284 3653 388 3713 diutins
411 3666 607 3716 commoratus
628 3656 758 3734 uidetur,
780 3661 843 3735 cni,
869 3678 933 3719 cum
955 3662 1120 3739 prouincias
1144 3665 1316 3723 sortirentur

206 3757 471 3834 consules‚'ltalia
494 3764 641 3821 euenerit:
673 3773 702 3823 at
724 3764 889 3839 Quinctium
913 3768 940 3825 iu
962 3766 1161 3828 Macedoniam
1182 3771 1316 3848 proficis-

206 3871 320 3921 centem
348 3856 407 3922 suis
436 3865 570 3924 laudibus
592 3873 789 3947 prosequitur.
835 3868 880 3929 (ΙΙ.
903 3871 1000 3930 Liuius
1023 3870 1134 3932 XXXll
1157 3872 1176 3933 8
1199 3892 1244 3952 sq.
1288 3871 1317 3932 ls

207 3968 294 4044 igitur
315 3968 454 4030 dilectum
479 3969 584 4046 habet,
615 3990 673 4050 quo
703 3994 755 4035 eos
784 3977 849 4037 lere
876 3975 949 4054 legit
973 3968 1036 4055 ‘qui
1064 3981 1092 4037 in
1108 3978 1245 4057 Hispania
1268 3988 1317 4039 aut

205 4070 306 4132 Africa
326 4084 492 4135 meruerant
513 4087 665 4154 spectatae
688 4084 800 4142 uirtutis
816 4073 947 4157 milites’‚
970 4074 1093 4144 ‘bellum
1113 4086 1242 4146 tolerare
1262 4103 1314 4163 po·

203 4169 312 4262 tentes’
344 4199 418 4259 quos
449 4180 558 4241 Ennius
581 4194 666 4243 uocat
695 4186 779 4267 (ΙΙΙ).
826 4187 958 4260 Quocum
981 4192 1085 4249 tamin
1107 4184 1196 4251 dare
1217 4191 1315 4251 Liuius
