2932 4942
613 348 853 418 RELIQVIAE
1227 347 1290 416 177

689 514 785 586 XVII

280 630 419 702 Seruius
444 631 478 701 in
500 632 585 702 Aen.
614 633 628 703 l
658 641 718 703 190
756 637 842 704 ‘tum
875 634 1016 727 uulgus:
1050 636 1134 706 bene
1164 637 1290 730 uulgus

178 734 370 805 ductoribus
389 735 604 826 interemptis.
644 735 787 806 Ennius:
816 737 955 807 auium
975 739 1131 832 uulgus
1160 743 1193 810 et
1213 741 1290 810 alibi

177 837 391 909 hastarum
412 839 433 908 i.
450 861 478 909 e.
495 838 736 909 multitudinem
754 840 924 910 hastarum
938 844 971 911 et
985 842 1115 912 auium!
1155 843 1291 913 auium
1398 872 1404 882 ·

176 942 333 1033 uulgus
362 945 402 1010 et
431 942 647 1012 hastarum
671 942 773 1012 alibi
800 943 1112 1016 multitudinem
1141 949 1179 1016 et
1214 947 1290 1017 ha·

175 1047 332 1115 starum
353 1046 391 1114 et
411 1049 450 1114 et
468 1046 604 1115 auium
622 1046 696 1115 eod.
711 1043 850 1118 (lessell.
870 1047 1006 1119 auium
1028 1073 1061 1118 u.
1081 1053 1120 1119 et
1142 1050 1290 1119 hasta·
1355 1006 1410 1095 ’Ψ

175 1168 263 1216 rum
288 1147 308 1216 i.
330 1170 358 1218 e.
383 1148 691 1219 multitudinem
715 1149 747 1219 h.
772 1153 811 1220 et
835 1174 865 1221 u
887 1151 1004 1245 uulg0.
1029 1153 1166 1223 auium
1190 1153 1290 1223 uul-

175 1271 253 1343 gus
287 1253 327 1320 et
359 1251 590 1323 hostiarum
629 1251 704 1344 [nil
736 1252 855 1324 iuuat
887 1254 1102 1326 humanum
1134 1254 1287 1349 genus]

174 1352 397 1447 H.Ilbergius
611 1417 614 1423 .

180 1528 192 1545 ,
678 1456 788 1528 XVIII

276 1572 464 1664 Porphyrio
489 1572 523 1642 in
545 1573 626 1643 Hor.
648 1572 717 1644 sat.
738 1573 752 1644 I
775 1584 802 1661 1,
827 1584 864 1646 61
895 1577 945 1644 ‘at
968 1576 1055 1647 bona
1076 1598 1155 1668 pars
1177 1577 1289 1649 homi-

174 1696 268 1744 num:
303 1675 409 1745 bona
434 1698 522 1746 nunc
551 1699 613 1768 pro
641 1698 765 1770 magna
791 1677 933 1763 dictum,
965 1682 1002 1748 ut
1031 1701 1133 1771 saepe
1162 1679 1288 1752 Ennius

174 1780 207 1846 et
228 1777 283 1848 alii
300 1780 452 1850 ueteres!

692 1879 772 1950 m
847 1837 850 1841 ,

276 1992 392 2065 Cicero
422 1997 463 2066 de
483 2000 550 2067 nat.
574 1994 666 2065 deor.
696 1996 794 2082 1118,
813 2003 855 2066 49
883 1997 978 2067 ‘dum
1003 1998 1115 2089 palato
1143 1998 1222 2093 quid
1244 2001 1287 2070 sil

175 2097 333 2188 optimum
359 2098 497 2169 indicat’
524 2097 747 2191 (Epicurus),
784 2099 906 2170 ‘caeli
935 2101 1137 2192 palatum,
1177 2107 1215 2172 ut
1243 2103 1287 2174 ait

175 2200 318 2288 Ennius,
345 2213 414 2271 non
433 2201 634 2340 suspexit(
697 2247 763 2373 XX

274 2415 444 2488 Charisius
462 2419 476 2489 l
497 2442 529 2511 p.
550 2427 591 2490 99
610 2419 653 2488 Ρ.’
674 2417 725 2507 (71
743 2417 852 2513 Lind.)
880 2417 1124 2490 ‘Cretenses
1147 2421 1285 2507 Ennius,

169 2524 207 2591 ut
226 2519 337 2591 Verre
357 2520 411 2593 lib.
431 2522 537 2614 primo
560 2523 602 2592 de
623 2543 777 2616 sermone
800 2522 918 2593 Latino
940 2523 1072 2593 scribit!

667 2659 670 2662 ’
691 2657 772 2728 XXI

272 2759 398 2829 Paulus
416 2759 514 2829 resti
540 2758 572 2852 p.
598 2758 639 2831 68
664 2761 707 2830 Μ.
742 2759 971 2831 ‘daedalum
1000 2781 1021 2828 a
1044 2757 1205 2829 uarietate
1229 2781 1288 2828 re-

172 2883 245 2931 rum
269 2859 549 2954 artificiorumque
573 2862 692 2932 dictam
721 2884 799 2933 esse
827 2863 916 2953 apud
939 2861 1127 2931 Lucretium
1154 2864 1286 2946 terram,

171 2965 260 3056 apud
283 2965 426 3034 Ennium
454 2965 696 3051 Mineruam,
726 2966 815 3056 apud
835 2964 1022 3058 Vergilium
1049 2961 1165 3034 Circen
1190 2964 1287 3033 lac-ile

170 3072 226 3167 est
239 3067 457 3168 intellegere,
478 3089 553 3138 cum
572 3067 699 3139 Graece
718 3059 913 3169 δαιδάλλειν
934 3066 1100 3162 significet
1119 3067 1269 3137 uariare!

272 3306 419 3377 Achilles
447 3304 574 3376 Statius
605 3307 657 3376 ed'
672 3305 790 3378 Catuli.
818 3307 832 3377 l
861 3314 881 3377 9
915 3308 1105 3396 ‘petronam
1129 3305 1286 3375 Miner·
1351 3362 1354 3373 .

171 3431 260 3478 uam
288 3410 365 3480 dicit
390 3431 537 3479 —eam
561 3432 644 3481 uero
665 3410 793 3481 Ennius
819 3415 858 3482 et
884 3409 1089 3480 dominam
1113 3413 1154 3485 ct
1177 3431 1287 3479 eram
1425 3432 1428 3437 ·

170 3511 271 3582 dlxit!
474 3530 476 3535 ’

674 3614 781 3686 XXIII

272 3717 411 3788 Seruius
428 3717 461 3786 in
479 3719 562 3789 Aen.
585 3716 645 3788 XII
663 3713 726 3790 605
752 3720 876 3789 ‘ssauos
893 3717 1032 3789 Lauinia
1048 3717 1172 3787 crines:
1195 3714 1286 3786 anti-

169 3844 236 3915 qua
261 3821 358 3892 lectio
385 3821 522 3892 florus
549 3822 662 3893 habuit
691 3822 711 3892 i.
740 3844 769 3892 e.
798 3823 1010 3907 florulentus,
1043 3821 1219 3912 pulchros:
1252 3823 1286 3888 et
1433 3853 1438 3861 ·

169 3928 221 3995 est
239 3948 350 3997 sermo
369 3925 560 3996 Ennianus!
685 3918 687 3922 '

669 4026 783 4097 XXIV

272 4128 411 4200 Seruius
441 4130 475 4200 in
503 4130 587 4199 Aen.
615 4128 678 4199 VII
707 4139 770 4201 804
804 4127 978 4196 ‘florentes
1009 4144 1086 4192 acre
1119 4124 1282 4192 cateruas,

170 4228 296 4299 Ennius
318 4235 351 4301 et
368 4232 542 4303 Lucretius
566 4232 744 4303 floreus’
765 4228 832 4320 (elii
851 4228 1002 4314 llores3
1025 4225 1079 4295 alii
1099 4225 1282 4315 llorere)

211 4347 325 4406 Ennius.
1037 4335 1079 4401 12
