2932 4942
601 341 843 413 annravrna

271 512 363 580 Neue
384 511 460 580 inde
482 508 580 579 nauis
599 507 803 578 inchoandae
825 506 999 577 exbrdium

272 613 463 706 Coepisset,
492 635 577 706 quae
600 633 688 681 nunc
707 611 896 682 ndminatur
917 609 1049 682 mimine
1085 687 1089 694 ⁴

273 718 389 810 Argei,
417 717 495 811 quia
511 714 633 810 Argiui
652 719 684 785 in
702 737 743 786 ea
760 715 871 785 dilecti
889 713 953 784 uiri

168 919 217 968 bus
231 918 280 968 hoc
294 920 370 969 modo
384 920 454 983 loqui
467 934 615 969 concessum
629 924 680 968 est:
702 913 882 982 [280-288].
912 915 976 965 Nam
989 914 1031 965 hic
1044 914 1107 964 satis
1121 921 1175 964 erat
1188 914 1282 974 dicere,

168 990 191 1038 si
207 989 235 1038 id
248 989 338 1049 modo,
358 991 427 1053 pred
447 990 509 1039 satis
527 997 607 1049 esset,
631 995 748 1037 curarent
767 989 870 1054 poeitae:
895 988 992 1036 utinam
1011 1000 1043 1035 ne
1059 999 1103 1037 era
1119 999 1206 1035 errans
1226 998 1283 1032 mea

169 1059 245 1108 domo
263 1058 363 1110 efferret
379 1060 474 1124 pedem
492 1059 600 1109 1111111.ι
632 1057 677 1125 (ln
695 1073 760 1120 quae
780 1058 922 1123 scripturae
942 1054 1130 1121 discrepantiae
1146 1055 1194 1104 hae
1209 1062 1282 1102 sunt:

169 1126 221 1193 ne]
235 1143 272 1179 ne
287 1142 399 1178 errans
413 1129 470 1179 Par.
481 1144 562 1195 mpr.
635 1143 671 1176 ne
684 1127 760 1178 hera
772 1126 900 1193 errans]
916 1141 952 1177 ne
968 1140 1145 1176 erraueras
1158 1123 1282 1174 Wuerzb.

170 1198 325 1247 erabamb.
340 1198 372 1259 h,
392 1213 442 1248 orn.
457 1198 515 1248 Par.
587 1213 655 1246 mea
673 1197 763 1247 domo
784 1212 834 1247 orn.
852 1197 942 1246 Bamb.
962 1196 1076 1246 aTross.
1148 1193 1284 1244 efferret

169 1266 282 1333 pedem
295 1269 386 1317 domo
401 1269 494 1324 Bamb.
506 1269 522 1317 b
536 1268 601 1317 Fris.
615 1266 700 1333 Opitz.
771 1267 898 1317 medeas
911 1263 1051 1330 Wuerzb.)
1073 1264 1231 1315 ¹Priscianus
1251 1265 1283 1314 de

168 1339 256 1388 metris
269 1339 370 1389 Terent.
387 1354 409 1387 c.
423 1341 440 1388 2
455 1354 481 1404 p.
497 1337 565 1390 1325
576 1339 604 1387 P.
621 1338 683 1401 522
695 1352 722 1402 p.
734 1336 787 1391 410
800 1336 829 1388 G.
848 1336 884 1404 (ΙΙ
898 1352 924 1402 p.
940 1336 992 1388 410
1003 1333 1050 1400 Κ.)
1070 1339 1130 1385 ‘nec
1143 1335 1227 1385 solum
1241 1349 1284 1384 co-

168 1409 229 1457 mici
243 1408 431 1458 huiuscemodi
445 1416 504 1457 sunt
517 1410 558 1458 nsi
571 1408 673 1466 iambis,
693 1407 828 1457 sedetiam
844 1407 936 1473 tragici
949 1407 1126 1466 uetustissimi,
1146 1413 1173 1453 ut
1186 1405 1284 1454 Ennius

169 1478 195 1526 in
214 1477 318 1528 Medea:
344 1476 544 1544 [280-287].’
580 1476 668 1527 Cicero
684 1475 783 1526 derata
798 1476 840 1538 15,
856 1476 890 1528 35
914 1481 961 1527 ‘ex
980 1477 1030 1526 hoc
1049 1491 1143 1543 genere
1163 1475 1228 1526 illud
1245 1482 1285 1525 est

169 1548 247 1597 Enni:
273 1547 346 1616 [280.
364 1547 437 1614 281].
471 1547 555 1597 Licuit
577 1547 619 1596 uel
644 1546 733 1596 altius:
765 1547 862 1595 utinam
879 1562 911 1596 ne
934 1548 959 1596 in
978 1547 1048 1597 Pelio
1068 1553 1128 1595 nata
1152 1545 1206 1595 ulla
1228 1560 1284 1594 urn-

170 1631 247 1679 quam
263 1627 330 1668 esset
345 1619 434 1667 arbor!
463 1618 539 1667 etiam
552 1632 645 1682 snpra,
664 1617 805 1666 utinam'ne
820 1625 888 1666 esset
901 1632 973 1666 mons
984 1616 1053 1665 nllus
1065 1615 1164 1665 Pelius!
1192 1615 1285 1665 simili-

170 1695 258 1749 terque
276 1689 410 1754 superiora
428 1694 585 1753 repetentem
605 1686 708 1752 regredi
728 1685 825 1736 inllnite
848 1685 916 1735 licet.
956 1686 1042 1736 Neue
1060 1685 1135 1734 inde
1214 1699 1285 1736 coe-

170 1757 282 1820 pisset.
317 1756 443 1816 Quorsum
459 1757 524 1806 haec
537 1756 691 1822 praeterita?
716 1754 781 1814 Quia
800 1757 915 1818 sequitur
932 1755 996 1805 illud
1016 1755 1088 1820 [287.
1103 1753 1165 1821 288]
1188 1770 1238 1805 ιιοιι
1258 1761 1286 1804 ut

171 1839 217 1876 eae
233 1841 274 1875 res
287 1841 390 1876 cansam
404 1826 524 1876 afferrent
539 1816 653 1878 amoris?
686 1825 756 1874 ldern
775 1840 822 1890 pro
836 1824 921 1875 Caelio
935 1825 961 1886 8,
977 1825 1010 1875 18
1029 1828 1093 1888 ‘quo
1108 1824 1165 1875 loco
1179 1839 1285 1893 possum

171 1894 257 1945 dicere
272 1896 300 1945 ld
312 1896 381 1958 quod
450 1895 558 1946 Crassus
633 1894 711 1960 paulo
728 1902 786 1944 ante
802 1895 881 1957 dixit,
905 1895 1025 1944 utinam
1046 1910 1083 1944 ne
1103 1896 1134 1944 in
1156 1909 1285 1946 nemore

171 1955 276 2025 Pelio,
296 1981 326 2015 ac
340 1966 442 2032 longius
456 1965 560 2030 quidem
574 1965 637 2015 mihi
653 1971 788 2014 contexere
802 1964 851 2014 hoc
867 1979 968 2014 carmen
984 1965 1078 2014 liceret.
1107 1964 1182 2015 Nam
1198 1980 1286 2014 num-

157 2049 262 2097 anam
280 2050 335 2086 era
354 2050 464 2086 errans
483 2035 549 2085 hanc
568 2035 712 2085 molestiam
732 2035 806 2084 nobis
825 2033 959 2084 exhiberet
976 2033 1088 2084 Medea
1106 2036 1210 2086 animo
1224 2043 1284 2084 ⁸...

981 2190 987 2209 ι

171 2241 221 2281 sae
236 2226 432 2294 accedissent,
455 2243 507 2282 om.
525 2225 662 2298 abiegna,
684 2223 754 2280 Par.
770 2239 807 2278 ιιι.
819 2240 869 2295 pr.
887 2225 921 2279 de
933 2227 991 2280 ina.
1013 2241 1099 2282 caesa
1115 2226 1287 2283 accidissent

172 2311 312 2382 abiegnae
333 2312 398 2383 aliq.
414 2311 476 2366 edd.
495 2312 530 2367 de
549 2311 620 2382 fato.
642 2325 745 2366 caesae
765 2308 937 2365 accidissent
957 2310 1059 2382 abigne
1075 2310 1152 2367 Leid.
1173 2312 1207 2368 de
1227 2317 1286 2368 nal.

170 2393 249 2451 deor.
266 2412 352 2452 caesa
368 2394 521 2467 cecidisset
536 2396 657 2468 abiegna
670 2394 765 2450 Prisc.
780 2394 815 2449 de
829 2399 909 2450 metr.
929 2394 994 2451 Ter.
1010 2395 1117 2452 Carlsr.
1137 2413 1200 2454 eam
1214 2397 1287 2454 dele·

170 2479 290 2536 rioribrrs
310 2480 403 2537 Prisc.
419 2499 453 2554 p.
468 2482 534 2546 751.
557 2482 611 2537 dae
628 2479 719 2537 oxon.
741 2495 813 2541 urias
835 2478 921 2553 Scap.
940 2497 992 2552 mp.
1017 2480 1111 2554 Topic.
1131 2481 1171 2554 cs.
1186 2497 1285 2555 supra.

170 2581 239 2620 cesa
252 2565 406 2622 cecidisset
419 2566 708 2639 abiegna·(abiegnae
724 2567 816 2632 corr.)
834 2563 919 2637 Opilz.
932 2566 972 2620 ad
981 2565 1050 2621 Her.
1062 2583 1170 2622 caesae
1187 2570 1286 2634 (cesae

172 2650 271 2705 Bamb.
288 2667 305 2704 a
322 2651 337 2704 b
354 2651 438 2719 Tar.)
462 2651 632 2707 cecidissent
651 2650 789 2722 abiegnae
809 2651 945 2722 (abiegne
965 2651 1063 2705 Bamb.
1077 2652 1107 2719 b)
1127 2650 1197 2706 Par.
1220 2654 1289 2718 (nisi

171 2735 245 2806 qaod
257 2736 285 2789 in
302 2734 354 2790 bac
369 2735 541 2791 cecidissent
554 2738 631 2791 111111
640 2736 737 2806 prima
751 2733 859 2806 syllaba
873 2749 948 2788 corr.
962 2739 1015 2802 est)
1034 2734 1133 2789 Bamb.
1149 2736 1194 2791 ab
1209 2737 1286 2793 Fris.

160 2818 269 2887 Troas.
291 2817 359 2874 Tar.
380 2820 419 2874 ad
438 2818 510 2874 Her.
532 2835 618 2875 caesa
639 2818 810 2873 cecidissent
831 2818 969 2890 abiegnae
990 2821 1055 2890 aliq.
1076 2820 1139 2874 cdd.
1161 2821 1196 2875 de
1214 2821 1285 2893 fato.

173 2917 275 2957 caesae
291 2903 475 2969 cecidissent,
499 2919 553 2958 om.
569 2903 705 2974 abiegna,
725 2902 849 2973 nepam
867 2901 960 2958 Troos.
979 2902 1048 2958 Tar.
1062 2909 1090 2958 11
1102 2905 1150 2958 alt.
1167 2921 1211 2970 m.¹
1234 2905 1286 2961 ad-

172 2987 227 3041 dito
247 2988 329 3041 simul
349 2988 485 3058 abiegna,
506 2987 577 3042 Par.
600 2986 634 3041 de
652 2988 709 3043 ina.
731 2985 902 3041 accidissent
922 2988 1059 3058 abiegnae
1082 2988 1160 3044 Erite.
1179 2989 1286 3063 Grypb.
1397 2994 1401 3001 '

175 3070 269 3142 Topic.
289 3070 441 3140 cecidisset
462 3073 584 3145 abiegna
599 3085 671 3126 unas
686 3069 772 3142 Sana.
793 3069 858 3125 ibid.
879 3071 1052 3126 cecidissent
1072 3072 1210 3144 abiegnae
1233 3076 1287 3130 dico
1331 3114 1335 3118 «

174 3154 260 3227 Scap.
283 3155 368 3211 Vileb.
387 3156 450 3212 ibid.
475 3156 628 3229 ceciderint
648 3156 770 3228 abignca
783 3155 862 3211 Hier.
883 3173 919 3216 m.
936 3173 986 3228 pr.
1009 3156 1287 3231 ceciderit'abiegna

175 3241 253 3296 Hier.
276 3257 312 3295 m.
333 3241 382 3296 alt.
404 3241 538 3297 ceciderit
560 3242 679 3324 abiegni}
697 3239 826 3296 Ambae
849 3241 914 3309 (red
925 3244 1032 3314 aarum
1047 3237 1153 3314 diplttlt.
1171 3261 1208 3300 ιιι.
1224 3246 1286 3309 ait.)

172 3325 268 3381 Ambr.
280 3324 296 3380 b
310 3323 476 3392 thti'liam.
495 3325 668 3382 cecidissent
678 3324 768 3382 Iulias
785 3324 886 3382 Victor.
903 3326 1055 3383 cecidisset
1069 3327 1158 3384 (land.
1174 3330 1286 3387 Donati.

174 3410 344 3465 cecidissent
359 3411 447 3484 Lupd.
468 3428 530 3468 cam
549 3412 612 3468 edd.
629 3416 683 3466 uet.
699 3409 805 3467 Donati
887 3410 1032 3486 Sihpulari
1042 3428 1157 3470 ιιιιιιιενο
1166 3419 1287 3487 potitum

173 3510 234 3551 esre
254 3497 346 3551 trabes
368 3501 502 3553 testantur
523 3497 615 3553 Varro
631 3501 658 3551 et
669 3494 833 3551 Prisciam
851 3512 886 3567 p.
901 3502 951 3559 751
1038 3498 1075 3555 ad
1095 3501 1286 3563 tetralicen.

181 3579 327 3636 Varronis.
352 3586 471 3649 terram,
494 3599 546 3638 am.
562 3581 614 3651 ad,
634 3581 714 3637 Hiar.
732 3598 769 3636 m.
785 3581 833 3637 alt.
849 3579 939 3649 Quina
960 3583 997 3643 ad
1014 3590 1116 3643 terram
1137 3588 1202 3657 (sed
1215 3588 1234 3643 d
1249 3606 1286 3643 m.

174 3664 238 3731 alt.)
253 3665 346 3721 Ambr.
363 3683 381 3721 a
398 3666 462 3722 ibid.
479 3668 507 3723 ln
523 3675 623 3724 terram
638 3664 778 3722 Haiberst.
793 3682 856 3722 cam
865 3670 932 3726 alib
950 3670 1027 3726 libn's
1041 3671 1133 3728 Prisc.
1144 3690 1176 3745 p.
1193 3678 1243 3734 751

216 3753 268 3810 281
297 3767 385 3807 naues
404 3751 476 3808 Par.
499 3771 534 3812 m.
553 3770 604 3826 pr.
624 3751 664 3809 ad
681 3751 752 3808 Her.
838 3752 1016 3812 inchoandae
1037 3756 1129 3814 Prisc.
1152 3760 1185 3815 de
1207 3766 1287 3816 metr.

177 3834 256 3914 Ter„
278 3835 349 3892 Par.
371 3838 436 3905 (ted
450 3837 505 3895 dae
521 3842 552 3894 ιἰι
566 3839 643 3905 rat.)
666 3852 728 3892 cam
749 3835 826 3892 libris
834 3839 978 3914 plenaque
999 3842 1039 3895 ad
1052 3841 1139 3908 Her„
1158 3844 1287 3916 plerique

174 3920 236 3976 cdd.
252 3922 286 3977 de
303 3920 374 3994 fato.
390 3923 542 3980 inchoandi
557 3922 657 3979 Bamb.
675 3921 692 3976 b
705 3923 744 3977 ad
757 3920 828 3977 Her.
848 3920 912 3996 alia.
928 3927 992 3982 cdd.
1008 3926 1042 3981 de
1056 3927 1134 3998 fater.¹
1148 3927 1286 3984 inchoans

177 4005 275 4061 Bamb.
297 4025 315 4060 a
341 4008 381 4063 ad
400 4007 471 4064 Her.
525 4025 529 4032 ·
559 4023 647 4064 naues
674 4006 850 4062 inchoandas
879 4011 994 4066 exdium
1028 4010 1156 4066 Waerab.
1181 4011 1244 4066 ibid.

217 4096 270 4148 283
290 4093 414 4162 cepisset
435 4094 563 4150 Waerzb.
583 4109 621 4147 m.
632 4108 681 4162 pr.
695 4091 768 4147 Par.
783 4091 911 4148 Bambb
936 4094 1004 4149 Tar.
1026 4095 1066 4148 ad
1085 4094 1155 4149 Her.
1177 4099 1288 4167 coepis-

176 4180 239 4225 sent
248 4175 321 4232 Fris.
337 4177 435 4230 ibidem
522 4194 595 4234 nuuc
607 4192 660 4230 ant.
671 4174 759 4247 Opia.
770 4175 810 4228 ad
816 4175 886 4232 Her.
972 4179 1084 4232 nomine
1097 4196 1149 4235 om.
1163 4179 1260 4237 Bamb.
1271 4182 1288 4237 b

179 4254 273 4312 Troes.
292 4258 379 4328 Opitz.
398 4261 518 4320 adHer.
614 4263 668 4318 nat
684 4274 728 4330 tq.
759 4260 837 4329 Argo
867 4264 932 4333 quia
951 4263 1050 4334 Argiui
1079 4265 1107 4318 in
1128 4282 1163 4321 ea
1186 4267 1287 4323 delecti
