2932 4942
611 315 841 373 ENNIANAE
1195 324 1285 371 XXIX

177 486 249 548 Nam
271 495 302 546 ut
323 485 432 547 Ennius
453 487 594 559 Aeneam,
617 485 666 563 qui
689 481 793 542 dudum
809 489 875 542 ante
894 498 1048 560 puerorum
1070 488 1183 559 partum
1202 479 1284 539 obie-

178 596 232 668 rit,
251 610 307 653 non
330 604 434 672 aperte
458 593 571 653 Romuli
601 608 685 650 auum
713 590 881 664 nominarit,
912 588 968 646 hoc
986 596 1080 648 tamen
1108 603 1165 646 non
1192 587 1285 645 minus

178 711 301 777 constat,
327 701 450 761 altemm
472 701 497 758 si
512 716 612 758 uemm
631 707 687 772 est,
709 697 788 757 lliam
801 696 892 756 fuisse
905 694 1026 754 Aeneae
1038 693 1140 753 liliam:
1163 695 1191 755 id
1206 694 1284 774 quod

174 809 296 867 Seruius
319 825 376 867 neo
397 806 455 866 hoc
478 804 545 864 loco
567 823 624 865 nec
639 805 745 878 altero,
768 820 855 883 quem
879 803 974 862 statim
996 802 1142 876 adieram,
1163 803 1191 860 in
1213 820 1282 862 suae

176 914 326 974 cuiusdam
345 913 542 973 conclusionis
560 914 690 991 speciem
706 910 803 986 tradit,
827 928 890 970 cum
903 909 1078 988 praesertim
1095 926 1131 969 ea
1145 911 1283 970 memoria

174 1038 232 1080 non
242 1020 365 1081 Ennium
379 1028 487 1081 tantum
502 1020 555 1080 sed
570 1020 655 1079 etiam
668 1017 808 1078 Naeuium
820 1018 949 1077 attineat.
973 1015 1105 1093 Namque
1117 1016 1155 1075 ita
1168 1016 1196 1074 in
1207 1016 1281 1076 Aen.

58 1105 60 1109 Α
174 1127 270 1189 1273
299 1132 470 1188 Noouios-ct
488 1131 610 1199 Ennius,
640 1127 695 1201 ait,
722 1130 833 1184 Amce
854 1143 892 1184 ecc
910 1128 970 1200 pilio
993 1132 1117 1197 nepotem
1138 1125 1283 1184 Romulum

176 1239 341 1294 conditorem
373 1239 449 1294 urbis
480 1237 610 1293 tradunt.
652 1231 836 1292 Testimoniis
862 1230 962 1290 iauent
991 1228 1109 1290 residua
1141 1231 1284 1308 quaedam

178 1342 204 1399 in
224 1341 297 1420 ipsis
318 1340 405 1400 hodie
433 1339 602 1416 fragmentis
621 1339 756 1416 uestigia.
800 1337 872 1398 Iliae
894 1339 981 1413 enim,
1004 1346 1033 1396 ut
1054 1339 1118 1416 ipsa
1133 1348 1231 1398 narrat
1246 1338 1281 1397 ir.

174 1446 314 1524 XXXIV,
342 1467 398 1528 per
419 1446 559 1505 somnium
578 1454 661 1525 pater
679 1445 801 1523 adparet
823 1445 960 1524 illamque
983 1462 1063 1505 suam
1089 1453 1205 1523 gnatam
1233 1446 1282 1506 ad·

175 1555 276 1634 pellat.
301 1555 384 1630 Quae
408 1555 458 1633 qui
480 1553 568 1633 plane
591 1571 626 1611 ac
644 1551 816 1629 simpliciter
836 1551 969 1628 Ennium,
991 1569 1048 1610 non
1070 1550 1215 1629 obscure,
1239 1553 1282 1614 lo·

174 1671 270 1721 cutum
291 1662 402 1737 uolent,
425 1678 516 1738 aegre
540 1677 605 1719 cum
624 1657 736 1718 Merula
759 1666 789 1717 et
808 1659 921 1719 editore
943 1658 1088 1739 Lipsiensi
1110 1658 1147 1718 de
1179 1660 1281 1719 nescio

176 1766 394 1843 quoilongiore
428 1767 610 1842 cognationis
638 1764 730 1842 gradu
757 1764 938 1843 intellegent.
981 1766 1095 1826 Patrem
1118 1774 1214 1825 autem
1243 1764 1283 1827 ibi

175 1871 306 1932 Aeneam
338 1872 394 1932 dici
421 1872 470 1932 uel
496 1872 559 1932 sine
583 1871 646 1932 istis
669 1871 841 1931 testimoniis
864 1873 930 1933 inde
953 1872 1092 1952 adparet,
1120 1863 1281 1952 quou‘liu-

174 1978 275 2054 rpdioa
295 1979 493 2058 prognatam',
511 1980 557 2039 cui
575 1980 715 2038 somnium
730 1988 845 2039 enarrat
862 1978 925 2056 llia,
938 1970 1117 2058 ‘germanam
1131 1981 1280 2041 sororem'

173 2085 348 2164 adloquitur.
382 2084 557 2161 Eurydicam
578 2087 655 2146 enim
678 2084 799 2146 Aeneae
822 2103 943 2146 uxorem
965 2085 1095 2146 lesches
1119 2096 1148 2148 et
1171 2087 1281 2168 Cypria

171 2192 351 2253 tradiderunt
372 2201 449 2253 teste
467 2193 607 2253 Pausania
629 2192 657 2253 X
679 2190 734 2253 26:
754 2189 889 2272 Λέσχεως
911 2189 943 2252 δὲ
961 2191 1011 2253 καὶ
1030 2183 1047 2254 ὁ
1068 2185 1195 2273 ποιήσας
1224 2195 1281 2274 ἔπη

171 2288 208 2358 τὰ
223 2293 346 2379 Κύπρια
363 2293 499 2361 διδόασιν
511 2289 688 2380 Εὐρυδίκην
702 2301 832 2378 γυναῖκα
844 2297 960 2382 Αἰνείᾳ.
982 2296 1027 2358 Gi.
1045 2297 1225 2361 wolckerus
1242 2302 1279 2363 de

173 2403 260 2479 cyclo
277 2423 325 2484 ep.
348 2404 375 2466 ll
396 2424 425 2486 p.
450 2405 522 2468 248.
554 2406 592 2466 Vt
614 2406 718 2466 eadem
740 2404 866 2466 carmina
887 2401 1000 2464 Graeca
1023 2423 1097 2484 quae
1112 2407 1279 2485 Eurydicae

171 2512 257 2571 etiam
279 2510 350 2572 lliae
367 2517 510 2594 originem
527 2515 645 2576 dedisse
669 2513 831 2591 suspicere.
881 2509 953 2570 lliac
975 2521 1071 2572 autem
1099 2532 1185 2575 soror
1215 2535 1280 2576 cum

172 2622 284 2677 ‘anus'
300 2638 316 2679 a
332 2626 421 2697 poeta
432 2621 544 2682 dicatur
557 2621 757 2701 (nequeenim
770 2620 806 2680 de
819 2619 944 2680 diuersis
958 2619 1142 2695 cogitandum
1155 2631 1200 2681 est
1213 2640 1279 2701 per·

171 2727 287 2805 sonis),
309 2744 366 2786 non
388 2729 475 2807 paulo
506 2747 569 2790 eam
592 2736 689 2788 aetate
712 2725 928 2806 prouectiorem
954 2722 1006 2784 llia
1032 2724 1124 2786 luisse
1153 2744 1279 2789 necesse

171 2842 227 2892 est.
273 2832 335 2894 lllis
356 2843 452 2895 autem
475 2836 612 2895 conuenit
629 2835 790 2913 aptissime,
812 2831 890 2910 quod
912 2830 964 2891 llia
980 2824 1279 2911 Venerem‘genetri·

172 2956 237 2997 cem
258 2943 347 3016 patris
369 2942 477 2999 nostri’
502 2931 728 3018 et‘cognatam’
752 2941 822 3001 dicit
840 2937 996 3016 (XXXVI)
1013 2947 1043 2996 et
1065 2939 1127 3015 ipsa
1145 2931 1206 3000 ‘dia
1227 2959 1278 3000 ne·

174 3043 246 3121 pos'
270 3045 434 3123 adpellatur
452 3065 468 3106 a
487 3046 607 3106 Venere
623 3044 790 3125 (XXXIX).
823 3042 880 3117 Qui
900 3043 1016 3121 quidem
1038 3060 1200 3106 consensus
1213 3048 1278 3126 ipse

172 3150 235 3208 iure
257 3149 307 3210 illa
329 3150 416 3226 iliae,
441 3149 515 3212 lraec
537 3151 658 3227 Veneri,
681 3169 739 3211 non
764 3153 812 3230 qui
835 3149 924 3227 uulgo
950 3149 1126 3210 credebatur
1145 3152 1279 3231 Aeneae,

171 3256 278 3318 ascribi
315 3258 450 3318 ostendit.
511 3258 612 3338 ltaque
630 3238 755 3319 'Ennius
787 3275 851 3317 cum
885 3256 1016 3317 Aeneam
1049 3256 1113 3317 iere
1144 3262 1277 3338 attigisse

172 3362 283 3424 Romae
308 3365 449 3442 originem
477 3365 688 3444 lingat,-nil1il
714 3364 751 3427 de
780 3364 896 3425 condita
918 3361 994 3424 Alba
1025 3364 1121 3444 deque
1149 3366 1277 3431 Albano·

170 3488 233 3530 rum
267 3488 368 3548 regum
404 3475 603 3536 commenticia
636 3474 713 3534 serie
743 3473 886 3532 narrauit:
922 3490 995 3552 quas
1025 3491 1073 3533 res
1101 3484 1199 3536 notum
1232 3457 1278 3538 est

94 3609 97 3613 <
171 3587 275 3658 postea
302 3554 331 3638 in
353 3577 511 3641 Romanam
538 3582 687 3643 historiam
711 3580 832 3640 insertas
855 3597 924 3639 esse
948 3577 984 3639 ab
1007 3581 1068 3656 eis,
1098 3585 1147 3662 qui
1173 3570 1277 3662 magna

169 3688 245 3747 inter
266 3685 373 3748 Troiae
394 3689 501 3748 exitum
525 3699 554 3749 et
571 3691 649 3750 initia
672 3689 780 3748 Romae
803 3685 956 3745 interualla
980 3687 1104 3765 explere
1126 3707 1179 3769 pro
1200 3691 1276 3750 uirili

170 3801 252 3872 parte
274 3793 518 3871 periclitarentur.

253 3900 363 3960 Verum
378 3900 415 3961 ad
437 3901 512 3962 hunc
534 3902 631 3962 locum
652 3918 709 3960 non
729 3918 784 3961 uno
808 3902 923 3960 nomine
947 3901 1079 3979 quaestio
1103 3900 1140 3959 de
1164 3909 1275 3977 tempo·

169 4024 229 4069 rum
242 4009 355 4068 ratione
370 4008 506 4087 pertinet,
525 4025 580 4086 qua
589 4006 698 4067 Ennius
711 4026 762 4067 sua
775 4007 911 4067 aetatelr.
927 4026 953 4065 c.
968 4016 1034 4066 ante
1045 4024 1146 4066 annum
1159 4003 1195 4063 ab
1208 4024 1235 4063 u.
1249 4023 1275 4062 c.

168 4115 229 4177 585
254 4115 354 4176 urbem
378 4112 496 4175 Romam
520 4115 597 4175 circa
620 4115 871 4193 septingentorum
891 4129 1028 4170 annorum
1045 4111 1135 4170 luisse
1149 4109 1274 4168 tradidit.

168 4219 255 4281 Cuius
271 4221 345 4282 lraec
362 4231 427 4281 sunt
443 4221 601 4282 aVarrone
619 4221 656 4281 de
672 4239 705 4280 re
720 4229 796 4280 rust:
814 4219 854 4278 lll
870 4220 896 4292 l,
914 4216 1117 4276 2conseroata
1130 4212 1220 4274 uerba
1231 4216 1276 4275 ica
