2932 4942
168 339 330 388 LXXXVIII
570 329 884 399 QVAESTlONES

167 505 249 557 recte
276 495 406 554 sensisse
437 494 568 553 Ritterus
594 494 613 555 l.
634 493 654 552 l.
679 513 707 572 p.
731 495 793 555 394
820 495 950 570 uidetur,
983 497 1032 576 qni
1061 495 1096 554 fr.
1120 494 1160 555 IX
1182 495 1275 555 relata

170 612 262 663 morte
284 602 430 678 Scipionis
452 600 595 659 extulisse
616 608 732 678 poetam
754 602 888 661 coniecit.

252 708 372 767 Vnicum
393 707 479 766 libri
501 715 707 767 saturarum
729 710 853 785 quarti
873 707 1065 784 fragmentum
1084 709 1218 785 adposui,
1233 710 1279 768 cui

168 816 324 875 Sotadeum
341 831 487 873 numerum
504 831 571 871 esse
585 822 614 871 et
629 813 751 890 Hugium
764 833 850 874 aures
862 813 1025 872 docuerunt
1040 823 1069 872 et
1084 823 1220 890 poterant
1236 815 1279 874 fa-

172 924 229 982 cile
247 921 377 999 quemuis
394 919 479 978 alium
498 918 617 978 docere.
643 920 701 979 Sed
722 921 799 997 qnod
815 920 954 979 hocloco
971 920 997 979 id
1014 929 1059 979 est
1075 922 1150 979 inter
1166 910 1280 979 saturas

170 1027 263 1103 edidi,
285 1028 343 1086 boc
365 1043 431 1085 meo
452 1025 584 1103 periculo
598 1026 721 1102 factum,
743 1026 885 1105 siquidem
900 1026 1080 1104 periclitatur
1093 1035 1122 1086 et
1141 1027 1188 1105 qui
1205 1027 1280 1087 alius

172 1135 362 1212 suspitionem
384 1131 488 1210 probat
507 1140 536 1189 et
559 1135 704 1209 quisnam
728 1135 924 1193 coniecturam
944 1132 1070 1211 probare
1086 1132 1150 1191 aliis
1171 1131 1278 1191 studet.

169 1239 283 1316 Nempe
305 1255 362 1296 non
386 1257 402 1297 e
424 1239 528 1296 saturis
552 1239 682 1298 adfertur
703 1239 787 1298 locus
806 1258 821 1298 a
839 1238 990 1299 blacrobio
1010 1239 1070 1297 Sat.
1083 1239 1153 1299 vt5
1175 1257 1203 1317 p.
1217 1238 1279 1298 527

168 1346 251 1420 lan,
275 1344 327 1404 sed
352 1363 368 1402 e
391 1343 488 1403 libro
512 1344 730 1404 Sabinarum
753 1355 899 1424 quarto.
935 1345 966 1405 ln
990 1347 1170 1424 quoprimus
1191 1364 1280 1424 quian-

170 1461 227 1511 tum
249 1453 380 1529 comperi
398 1451 492 1509 haesit
513 1449 670 1524 Columna,
692 1452 740 1528 qui
763 1451 886 1510 Sabinas
909 1453 1020 1530 expulit
1047 1472 1063 1511 e
1091 1455 1282 1529 grammatico

170 1567 199 1616 et
217 1566 376 1616 saturarum
406 1557 528 1616 iudicem
548 1556 683 1629 restituit,
706 1574 769 1614 cum
785 1574 841 1617 nec
858 1557 925 1616 alibi
942 1558 1110 1618 laudaretur
1124 1558 1190 1617 talis
1207 1559 1283 1618 inter

170 1664 253 1723 Ennii
281 1662 422 1740 relianas
446 1662 545 1721 titulus
567 1671 596 1720 et
622 1661 754 1720 extitisse
778 1671 913 1740 quattuor
941 1663 1043 1723 saltem
1066 1673 1225 1723 saturarum
1247 1664 1281 1722 li·

172 1770 241 1829 bros
272 1767 481 1845 Porphyrionis
510 1768 677 1828 testimonio
704 1777 864 1827 constaret:
894 1767 932 1826 cf.
964 1786 991 1845 p.
1016 1767 1171 1829 LXXXIV.
1218 1769 1283 1829 Nec

170 1878 206 1935 de
231 1894 265 1934 ea
288 1894 320 1934 re
345 1892 517 1953 quemquam
539 1872 730 1933 dubitaturum
751 1874 842 1933 fuisse
866 1874 982 1952 opinor,
1002 1875 1056 1933 nisi
1076 1877 1102 1935 is
1119 1894 1204 1953 quem
1223 1875 1282 1934 An-

169 1983 228 2059 geli
251 1980 307 2040 blai
331 1982 469 2039 industria
487 1999 502 2038 a
522 1981 576 2039 situ
600 1989 630 2038 et
652 1980 800 2039 obliuione
823 1979 979 2040 uindicauit
1000 1979 1089 2039 Iulius
1103 1981 1207 2042 Victor
1222 1986 1282 2045 co

170 2107 198 2166 p.
223 2087 284 2146 224
309 2086 359 2144 Or.
382 2087 457 2144 alter
480 2085 650 2145 Sabinarum
678 2087 761 2144 testis
791 2086 944 2145 extitisset.
987 2085 1026 2145 Vt
1049 2088 1103 2146 iam
1124 2088 1200 2169 male
1221 2107 1282 2148 me·

170 2192 228 2250 reri
251 2191 287 2251 de
309 2190 402 2249 Ennio
425 2190 574 2266 uideatur,
604 2193 651 2269 qui
675 2192 732 2250 boc
756 2192 832 2251 libro
855 2199 971 2270 poetam
996 2192 1193 2253 defraudatum
1217 2204 1280 2254 eat:

172 2316 235 2357 cum
254 2297 425 2375 praesertim
445 2296 488 2354 lris
512 2315 586 2374 quae
609 2296 683 2356 lulio
705 2296 819 2356 Victori
842 2297 986 2358 debentur
1007 2298 1120 2359 uerbis:
1139 2319 1201 2358 mm
1220 2319 1283 2375 spo-

171 2412 208 2464 lia
235 2413 345 2481 panaris
367 2409 557 2479 detraxeritis,
582 2406 669 2474 θααηι
693 2411 904 2480 inscriptionem
927 2409 1044 2465 dobiae?
1068 2406 1140 2483 (inc.
1162 2414 1216 2467 sat.
1239 2405 1282 2484 V)

171 2520 293 2590 perapte
317 2510 442 2570 Sabinae
464 2518 626 2585 pugnantes
649 2518 749 2570 contra
772 2511 899 2587 ipsarum
922 2512 1041 2570 maritos
1060 2511 1185 2571 Sabinos
1203 2529 1281 2571 com·

172 2618 284 2694 pellare
308 2617 468 2677 uideantur.
516 2613 553 2672 At
576 2615 623 2674 uel
652 2616 695 2673 sic
717 2614 909 2675 uehementer
933 2615 1071 2693 displicet
1093 2626 1228 2695 qrrattuor
1249 2617 1281 2676 li·

171 2722 231 2782 bris
260 2724 284 2782 si
312 2722 356 2781 dis
386 2723 484 2800 placet
513 2729 659 2780 exaratum
689 2720 724 2780 de
753 2720 869 2780 Sabinis
898 2738 1015 2780 carmen
1047 2721 1162 2798 epicum
1196 2721 1280 2799 (quid

172 2831 245 2888 enim
267 2829 354 2888 fuerit
373 2831 527 2906 praeterea
547 2825 601 2882 nisi
624 2824 737 2900 epicum
757 2822 898 2903 fueriti),
920 2826 1000 2884 cuius
1020 2825 1130 2885 nullum
1149 2826 1218 2886 alibi
1239 2828 1281 2885 in·

169 2936 273 2995 dicium
297 2944 388 2994 extet.
421 2933 452 2994 ld
474 2933 551 3013 quod
567 2932 679 3008 Hugius
702 2946 818 3009 quoque
842 2940 871 2989 et
892 2930 1037 3008 llbergius
1059 2939 1228 2990 senserunt:
1253 2931 1281 2990 in

170 3059 292 3120 quorum
313 3043 453 3100 rationem
469 3050 565 3099 tamen
584 3039 701 3098 multum
724 3038 808 3097 abest
823 3047 853 3096 ut
868 3036 990 3115 pedibus
1009 3056 1082 3097 eam.
1112 3034 1185 3096 {lum
1205 3038 1282 3096 enim

172 3146 330 3207 Columnae
360 3146 522 3206 adsentiant
544 3147 572 3204 in
599 3146 769 3206 Sabinarum
795 3143 891 3202 locum
921 3153 1034 3203 saturas
1064 3144 1233 3221 reponenti,
1263 3162 1280 3201 e

170 3252 233 3312 Iulii
255 3252 383 3312 Victoris
406 3254 572 3311 testimonio
596 3258 777 3329 praetextam
805 3249 946 3327 quandam
973 3249 1143 3309 Sabinamm
1165 3249 1281 3309 nomine

173 3358 339 3434 inscriptam
361 3357 528 3434 confingunt
551 3357 651 3433 potius
677 3371 761 3433 quam
783 3356 941 3432 conligunt.
988 3355 1050 3428 Qua
1073 3372 1106 3413 re
1129 3353 1224 3411 missis
1246 3353 1280 3412 il·

172 3461 265 3519 lorum
273 3463 441 3520 commentis
453 3463 522 3520 uida
541 3479 605 3518 nrum
619 3462 683 3538 ipse
696 3478 756 3518 rem
772 3460 953 3538 probabilius
969 3460 1184 3539 expediucrim.-
1199 3458 1282 3518 Enim

171 3581 243 3623 uero
266 3563 318 3622 fuit
340 3564 408 3624 olim
433 3583 549 3625 carmen
569 3564 739 3624 Sabinarum
759 3582 816 3623 non
838 3565 989 3643 peculiare
1011 3567 1126 3643 quidem
1142 3564 1196 3623 sed
1213 3581 1281 3643 pars

172 3680 351 3743 saturarum,
382 3680 412 3728 nt
438 3671 548 3748 Scipio.
595 3667 707 3740 Quodsi
733 3649 894 3729 saturarum
925 3680 1029 3749 quarto
1052 3670 1195 3745 ascribis,
1221 3667 1281 3728 Ita-

172 3774 265 3834 orobii
287 3777 425 3834 memoria
444 3780 542 3835 alibro
557 3779 726 3838 Sabinarum
746 3786 861 3852 punita,
884 3775 947 3834 siue
967 3775 1042 3835 haec
1063 3793 1134 3834 uera
1157 3784 1203 3834 est
1221 3773 1281 3834 lla·

114 3873 116 3878 ’
172 3879 264 3942 orobii
292 3898 392 3939 manus
421 3882 484 3940 siue
512 3880 597 3939 scioli
626 3883 768 3959 sapientia
792 3890 901 3956 ortum,
930 3879 1104 3958 explicatur.
1150 3879 1233 3952 Quae
1257 3878 1282 3937 si
1357 3961 1360 3964 ἡ

171 3997 254 4049 recte
276 3987 400 4061 conieci,
423 3987 490 4046 buic
512 3995 671 4045 saturarum
693 3986 767 4045 libro
789 3984 877 4044 debui
896 3993 927 4044 et
946 3985 1068 4044 alterum
1089 4003 1105 4043 a
1125 3983 1199 4043 lulio
1212 3983 1280 4043 Vic÷
1347 3972 1358 3984 ’

171 4102 236 4153 tore
266 4094 381 4152 citatum
410 4093 617 4167 fragmentum,
650 4091 729 4168 quod
751 4090 867 4150 nuncin
887 4091 1005 4150 incertis
1028 4091 1133 4149 saturis
1148 4088 1206 4167 (V)
1232 4088 1281 4148 ba·

171 4197 271 4272 betur,
296 4186 468 4273 adsignare:
491 4196 519 4253 iu
541 4213 597 4273 qua
621 4213 653 4253 re
676 4195 745 4254 illud
768 4213 824 4253 non
848 4194 955 4267 obstat,
980 4195 1059 4275 quod
1081 4212 1139 4252 non
1164 4211 1280 4272 compa·
