2932 4942
597 326 852 387 PRAEFATIO
1245 330 1283 378 IX

172 518 251 583 erga
280 517 332 560 me
364 492 568 560 uoluntatem
600 513 687 558 nouo
719 489 869 578 exemplo
901 487 1054 575 probauit
1078 466 1310 552 Lvnonovs'

172 618 397 697 Sonorssvs,
428 613 486 700 qui
508 612 654 676 criticam
675 633 768 676 suum
794 607 1029 696 supellectilem
1055 607 1099 672 ad
1117 606 1285 672 Donatum
1318 659 1319 662 ,

169 733 316 798 Terentii
337 734 550 820 interpretem
570 731 752 797 conlectam
769 751 879 796 meum
900 729 935 792 in
955 742 1051 792 usum
1072 726 1226 817 enmusit.

254 848 392 917 Talibus
418 859 545 916 ettam
574 849 748 916 luculentis
775 847 895 914 edendi
923 844 1079 911 subsidiis
1107 846 1284 910 instnrctus
1310 884 1314 891 -

170 971 248 1037 dum
271 978 359 1035 totus
381 991 496 1037 uersor
517 971 552 1034 in
573 967 763 1051 annalibus,
792 965 960 1032 Ottonis
981 962 1208 1029 Ribbeckii
1228 963 1284 1029 ad·

170 1089 321 1154 feruntur
348 1062 563 1177 'lbagicorum
588 1088 780 1153 Latinorum
805 1085 987 1176 Reliquiae.
1033 1081 1139 1163 Quem
1164 1081 1285 1147 librum

171 1215 384 1294 posteaquam
404 1214 554 1274 accurate
575 1208 730 1290 tractaui,
756 1207 799 1272 ad
820 1205 882 1282 hoo
902 1202 1069 1292 singulare
1093 1202 1128 1266 in
1150 1222 1209 1266 suo
1228 1222 1286 1286 ge-
1345 1228 1348 1233 ·

171 1346 249 1390 nene
283 1327 468 1412 exemplum
499 1348 604 1392 meam
639 1307 816 1393 editionem
851 1348 949 1415 quam
976 1344 1106 1412 possem
1136 1321 1286 1408 proxime

170 1443 339 1531 adplieare
360 1446 524 1510 constitui.
557 1446 704 1534 (lumque
724 1444 772 1511 ibi
794 1446 916 1531 optime
933 1443 975 1508 de
987 1443 1089 1506 Ennii
1106 1428 1286 1525 tragoediis

170 1563 356 1629 consultum
381 1564 546 1648 uiderem,
579 1586 618 1631 eo
647 1565 779 1629 facilius
805 1585 857 1627 me
885 1562 950 1626 huc
983 1559 1103 1624 adduci
1127 1557 1301 1646 patiebar,

169 1690 222 1765 nt,
252 1682 339 1768 quod
361 1704 427 1748 non
448 1705 515 1748 uno
536 1683 669 1747 nomine
696 1689 730 1746 et
749 1680 831 1744 mihi
856 1688 888 1744 et
909 1677 982 1742 aliis
1003 1677 1147 1763 optabile
1167 1679 1286 1760 uisum,

171 1799 323 1863 comitem
345 1799 618 1865 annalibus‘haeo
640 1799 825 1885 fragmenta
845 1797 1037 1863 subicerem.
1072 1796 1194 1879 Quare
1212 1818 1287 1861 cum

171 1916 337 2002 omnibus,
368 1919 486 2004 quibus
515 1919 596 1984 haec
622 1919 730 1984 studia
751 1916 844 1984 cordi
869 1926 958 2001 sunt,
985 1926 1115 2004 gratum
1140 1915 1286 1982 facturus

170 2037 315 2121 uiderer,
337 2046 406 2103 tum
427 2039 631 2106 Ribbeckius
653 2038 741 2125 ipse,
762 2036 833 2103 fere
855 2060 923 2103 non
943 2037 1139 2119 subuereor,
1168 2043 1205 2100 ut
1226 2034 1287 2098 ini·

171 2156 287 2242 quiore
307 2155 416 2224 fronte
437 2160 605 2246 inceptum
626 2149 735 2222 meum¹
764 2140 917 2243 encipiat.
960 2155 1077 2241 Itaque
1097 2158 1132 2220 in
1156 2156 1287 2220 uniuer-

171 2298 243 2340 sum
268 2284 395 2342 textum
424 2279 575 2363 exhibui,
611 2277 741 2366 qualem
772 2277 940 2342 constituit
967 2275 1186 2373 Ribbeckius:
1228 2274 1288 2339 sed

170 2416 243 2459 oum
272 2395 396 2481 denuo,
422 2386 465 2462 ne
490 2406 613 2464 temere
642 2389 796 2486 sequerer
825 2397 942 2462 ducem
967 2393 1124 2482 quamuis¹
1144 2394 1295 2465 remissi-j

170 2535 274 2597 mum,
293 2516 579 2600 grammaticorum
600 2512 768 2583 uolumina
790 2524 986 2595 excuterem,
1008 2514 1094 2577 inter
1112 2510 1288 2597 legendum

170 2641 202 2697 et
235 2633 349 2700 addidi
383 2636 543 2724 quaedam
576 2614 609 2702 et
643 2635 840 2701 emendandi
865 2634 920 2699 hic
948 2631 1017 2696 illio
1047 2633 1288 2719 opportunitate

169 2774 249 2817 usus
279 2774 362 2818 sum.
417 2753 458 2818 In
485 2776 523 2820 eo
551 2778 631 2823 uero
659 2755 790 2841 longius
819 2776 840 2818 a
866 2751 1051 2817 Ribbeckio
1079 2751 1180 2816 editio
1196 2822 1200 2828 ,
1215 2772 1289 2816 mea

170 2872 311 2955 recedit,
342 2874 431 2960 quod
457 2896 532 2949 cum
560 2868 621 2942 ille‘
645 2877 715 2941 fere
742 2874 902 2965 quidquid
928 2873 1186 2958 fragmentorum
1216 2872 1289 2935 sine

173 2990 363 3073 tragoediae
390 2990 498 3055 indice
524 2993 681 3058 traditum
703 3001 754 3057 est
779 2991 823 3056 ad
841 2994 989 3056 incertas
1011 2991 1191 3076 relegasset
1213 2989 1288 3077 reli-

175 3107 287 3194 quies,
319 3106 361 3172 de
389 3128 502 3172 eorum
525 3109 603 3174 sede
631 3110 710 3198 quid
730 3107 910 3175 diuinando
938 3109 1070 3195 assequi
1093 3116 1221 3196 posset,
1252 3109 1289 3173 in

173 3226 422 3315 quaestionibus
456 3227 594 3316 scenicis
628 3227 847 3317 periclitatus:
879 3228 967 3316 ipse,
1001 3248 1066 3314 quo
1094 3250 1113 3292 e
1139 3228 1287 3316 reliquiis

172 3346 303 3412 facilius
324 3346 568 3433 tragoediarum
588 3355 682 3414 tenor
707 3358 895 3437 appareret,
923 3349 1057 3414 incertis
1078 3346 1286 3443 uersibusxi'n

169 3465 293 3531 fabulis
315 3460 416 3554 ipsis,
436 3467 465 3531 si
485 3467 558 3533 fieri
577 3478 720 3557 poterat,
743 3468 851 3536 locum
870 3468 1076 3557 probabilem
1098 3469 1284 3555 adsignaui.

171 3584 325 3672 Denique
352 3607 416 3674 quo
444 3589 554 3653 omnia
579 3589 732 3655 Enniana
758 3612 844 3655 unus
868 3590 953 3656 liber
978 3592 1158 3672 contineat,
1188 3591 1287 3655 etiam

172 3704 333 3771 minorum
370 3699 555 3793 poematum
588 3709 730 3774 frustula
762 3711 947 3798 conquisiui
977 3733 1017 3775 ao
1043 3711 1124 3793 situ,
1160 3731 1224 3796 quo
1252 3709 1287 3773 hi

171 3824 314 3890 maxime
334 3846 451 3890 uersus
473 3826 607 3894 obducti
626 3828 795 3913 iacebant,
821 3838 858 3894 ut
878 3831 985 3917 potui,
1006 3837 1147 3917 purgata
1167 3828 1284 3893 adieci.

254 3942 307 4009 Ita
335 3954 571 4012 ematuresoere
593 3946 1020 4036 paulatim'lucubrationes
1041 3949 1077 4012 in
1097 3947 1207 4011 Ennio
1228 3968 1285 4032 po·

170 4063 252 4128 sitae
271 4084 380 4129 meae:
405 4086 479 4130 cum
499 4065 752 4150 ersoflsnm,
780 4090 844 4155 quo
862 4071 961 4133 etiam
983 4090 1003 4131 a
1022 4077 1174 4154 typorum
1193 4066 1285 4131 ohar-

168 4190 339 4270 tarumque
359 4183 524 4270 elegantia
545 4186 644 4251 decus
665 4186 830 4273 quoddam
854 4186 966 4253 libello
988 4187 1208 4268 contingeret,
1237 4184 1285 4250 bi-

167 4299 345 4388 bliopolam
356 4302 622 4370 honestissimum
643 4315 677 4371 et
691 4307 789 4395 quem
810 4307 852 4372 de
868 4306 988 4372 nostris
1010 4303 1128 4369 litteris
1151 4309 1285 4398 egregie
