2932 4942
163 324 249 384 wa
552 319 867 392 QVAESTIONES

252 490 348 549 Noni
380 488 526 548 annalis
551 496 597 561 ut,
630 485 725 563 quoad
752 484 814 542 eius
838 484 900 542 lieri
928 489 1042 561 potest,
1077 489 1274 557 argumentum

168 598 319 657 deliniatur
349 596 518 655 ordiendum
545 602 590 653 est
618 612 634 651 a
664 593 698 650 ir.
729 591 769 651 tv
797 608 854 669 qno
875 587 1017 666 Cetegum
1045 597 1074 647 et
1105 586 1275 646 Tuditanum

168 702 305 762 consoles
324 710 440 760 creatos
471 700 658 779 perhibetur:
691 700 737 775 qui
766 707 841 756 teste
863 696 942 756 Liuio
964 693 1109 753 XXlel
1136 711 1161 752 a.
1193 710 1221 749 u.
1248 710 1274 749 5.

168 808 228 868 513
256 807 434 866 consulatum
461 809 562 867 iniere.
616 804 746 883 Cumque
776 804 847 864 belli
872 802 963 881 ipsius
992 801 1055 859 linis
1084 801 1111 856 in
1140 817 1165 857 a.
1196 816 1224 856 u.
1249 815 1274 856 5.

170 915 227 973 551
254 914 378 987 incidat,
402 914 482 973 illinc
506 916 634 973 conicias
658 915 685 971 in
708 913 764 970 boo
788 910 864 970 libro
887 906 1055 968 Hannibalis
1076 924 1125 964 res
1149 904 1273 964 desisse.

169 1020 207 1080 Aa
230 1039 285 1080 nco
308 1021 500 1079 testimonium
524 1037 581 1097 quo
606 1021 720 1078 nitimur
740 1016 894 1076 Ciceronis
916 1014 994 1073 Bruti
1018 1012 1073 1087 15,
1096 1011 1136 1071 58
1167 1021 1211 1070 sat
1231 1010 1276 1068 br.-

169 1145 243 1186 mum
268 1136 330 1201 est,
354 1127 487 1204 quotriam
510 1129 574 1204 ipse
598 1138 627 1185 ut
644 1132 743 1200 opinor
764 1121 841 1181 addit
864 1121 1042 1193 dubitanter,
1064 1127 1092 1177 et
1114 1118 1278 1194 refragatur

171 1232 246 1291 adeo
270 1230 372 1308 aperte
388 1232 553 1293 Macrobius
574 1234 634 1291 Sat.
653 1230 721 1289 l'll
746 1248 774 1307 p.
799 1228 859 1286 ooo
881 1226 944 1285 lan.
965 1228 1013 1303 qui
1035 1225 1110 1284 buno
1133 1223 1169 1283 de
1187 1222 1278 1282 Fabio

171 1336 297 1396 Maximo
325 1339 431 1398 elaturn
455 1357 584 1398 uersum:
614 1340 785 1397 omnishomo
808 1338 884 1393 nobis
909 1335 1064 1391 cunctando
1086 1336 1202 1388 restituit
1221 1347 1280 1386 rem

172 1463 188 1502 e
213 1442 267 1502 XII
288 1443 382 1502 annali
411 1444 518 1503 citauit.
564 1440 617 1502 Cui
641 1443 806 1501 testimonio
837 1458 900 1498 cum
923 1437 1028 1496 fauerit
1053 1434 1228 1495 Niebuhrius
1253 1434 1278 1490 in

179 1548 290 1608 scholis
314 1550 489 1609 academicis
522 1551 558 1609 de
589 1550 654 1608 bist.
686 1547 768 1606 Rom.
797 1546 809 1605 l
838 1545 895 1620 23,
925 1553 981 1603 torn
1012 1540 1208 1621 patrocinatus
1236 1547 1281 1597 est

170 1657 294 1714 maxinre
322 1654 354 1713 F.
377 1655 505 1714 Ritteros
528 1657 564 1716 de
583 1655 666 1714 Ennii
689 1653 777 1713 rebus
802 1650 940 1730 (prem.
972 1651 1079 1725 anniqu.
1103 1645 1229 1704 Darmst.
1253 1659 1279 1699 5.
1310 1653 1319 1669 ·

174 1758 255 1819 1811)
280 1778 306 1837 p.
332 1759 426 1839 376),
456 1765 503 1838 qni
525 1763 633 1821 exitum
660 1760 775 1838 quidem
804 1757 874 1817 belli
904 1757 939 1816 ad
968 1756 1043 1814 5555
1073 1751 1176 1811 librum
1203 1748 1280 1806 rele-

173 1866 262 1941 gauit.
308 1863 411 1944 Neque
437 1868 512 1925 enirn
534 1866 603 1925 illud
628 1866 748 1925 celebre
769 1863 851 1923 Fabii
877 1863 1084 1939 praeconium,
1114 1859 1195 1916 cuius
1223 1853 1280 1913 tta-

174 1969 292 2030 orobius
314 1971 435 2048 primum
458 1980 566 2031 tantum
589 1991 706 2032 uersum
725 1971 835 2046 attulit,
855 1968 1024 2028 necessario
1048 1966 1076 2023 in
1100 1965 1164 2041 ipsa
1185 1979 1280 2020 rerum

74 2098 80 2105 ·
174 2074 359 2135 cunctatoris
390 2080 554 2136 narratione
591 2077 686 2136 locum
717 2078 825 2137 habuit.
883 2072 971 2133 Guius
1002 2071 1152 2151 praeconii
1183 2069 1281 2128 Liuius

174 2182 307 2260 quidem,
330 2184 358 2240 in
382 2200 416 2240 ea
436 2200 554 2263 quoque
578 2202 610 2241 re
639 2184 766 2244 fortasse
789 2185 881 2262 ipsnm
904 2180 1025 2240 Ennium
1048 2178 1188 2251 imitatus,
1218 2193 1281 2233 cum

174 2295 296 2344 mortem
320 2285 401 2346 Fabii
429 2288 798 2365 perhiberet-mentionem
822 2289 892 2350 iecit
915 2284 999 2346 XXX
1021 2281 1072 2344 26.
1118 2283 1156 2343 At
1182 2300 1218 2340 ne
1241 2283 1283 2339 sic

176 2391 291 2469 quidem
310 2392 475 2485 testimonio
497 2392 638 2454 llaorobii
662 2393 749 2453 laoile
772 2411 817 2452 me
840 2393 1022 2471 mancipabo.
1061 2389 1133 2450 Nam
1158 2398 1189 2448 ui
1214 2387 1282 2446 nihil

176 2498 268 2556 dicam
291 2498 327 2557 de
350 2515 386 2556 eo
410 2499 487 2576 quod
510 2501 553 2559 sic
583 2500 690 2559 bellum
714 2498 934 2559 Macedonicum
958 2498 1039 2556 nimis
1061 2515 1151 2575 parce
1178 2504 1283 2556 tracta·

177 2614 234 2663 tum
258 2604 406 2683 uideatur,
438 2605 570 2682 quoniam
601 2607 628 2664 in
658 2607 744 2664 tertio
774 2605 887 2664 decimo
907 2607 962 2665 iarn
993 2604 1100 2663 bellurn
1126 2601 1284 2661 Antioche-

177 2727 241 2767 num
267 2710 419 2768 tractatum
441 2720 519 2785 erat,
559 2710 639 2769 inX
674 2720 703 2770 et
733 2710 773 2770 Xl
806 2710 957 2770 annalibus
984 2710 1175 2787 fragmentum
1206 2707 1283 2786 quod

176 2831 234 2872 nnn
252 2817 346 2892 possit
368 2834 424 2875 non
444 2817 478 2877 ad
500 2816 668 2877 Hannibalis
690 2835 739 2876 res
762 2815 867 2876 referri
889 2817 996 2876 nullutn
1009 2816 1162 2889 inuenitur,
1185 2824 1284 2874 contra

179 2928 276 2978 extant
299 2938 373 2999 qtrae
398 2921 433 2981 ab
456 2922 514 2982 illis
536 2922 625 2982 rebus
649 2924 807 2983 abhorrent
826 2921 988 2981 manifesto.
1021 2921 1095 2981 Vide
1119 2940 1193 3000 quae
1213 2921 1284 2979 inira

178 3027 302 3104 exposui
325 3026 361 3085 de
390 3027 463 3086 dnn.
488 3026 514 3086 X
533 3027 568 3088 ir.
595 3029 630 3089 ll.
653 3028 705 3087 tv:
725 3028 800 3087 Ann.
825 3026 865 3088 Xl
886 3028 920 3087 ir.
943 3026 980 3086 ll.
999 3026 1048 3087 tlt.
1091 3026 1155 3101 Qua
1178 3045 1210 3085 re
1225 3025 1284 3084 ble-

178 3132 269 3191 rulam
290 3143 409 3192 secutus
433 3130 605 3193 Ciceronem
626 3151 797 3212 quamquam
816 3133 984 3194 memoriter
1007 3133 1122 3192 citando
1145 3150 1202 3191 non
1223 3131 1285 3210 lap·

179 3257 240 3296 snm
270 3256 337 3296 esse
364 3238 502 3317 belisque
530 3238 637 3299 Punica
666 3256 723 3298 non
744 3238 872 3299 ultralX
894 3238 1025 3299 annalem
1049 3238 1218 3316 perrexisse
1242 3252 1286 3294 ar·

179 3342 289 3400 bitror:
320 3342 468 3403 alleluia
496 3345 525 3404 id
547 3354 654 3404 tanturn
679 3346 801 3423 differo,
827 3346 905 3426 quod
935 3347 958 3404 is
987 3345 1088 3405 laudes
1115 3344 1180 3403 illas
1204 3341 1286 3401 Fabii

178 3448 208 3505 in
230 3458 335 3508 octauo
358 3448 433 3506 libro
457 3450 532 3507 inter
555 3451 618 3528 ipsa
641 3444 978 3513 Cunctatoris'lacinora
1001 3450 1175 3510 conlocauit.

265 3552 310 3611 De
333 3553 387 3610 line
410 3553 496 3628 igitur
518 3553 584 3611 libri
607 3555 673 3614 mibi
701 3559 816 3636 quidem
837 3559 890 3617 ianr
911 3556 1016 3616 nullum
1035 3555 1151 3616 dubium
1172 3563 1232 3612 est:
1258 3561 1287 3611 at

180 3659 304 3733 initium,
334 3667 364 3716 ut
384 3659 478 3717 exitus
501 3660 680 3737 superioris,
706 3665 856 3723 incertum.
902 3663 950 3724 Fr.
973 3663 999 3722 ll
1021 3680 1078 3721 non
1099 3657 1286 3738 inprobabili-

180 3774 224 3822 ter
242 3762 353 3822 lilerula
375 3764 431 3823 hoc
454 3764 521 3822 loco
544 3767 649 3842 posuit,
673 3771 806 3844 quoniam
821 3769 930 3828 binium
950 3769 1142 3828 Salinatorem
1166 3783 1192 3824 a.
1214 3783 1242 3822 u.
1264 3783 1288 3822 c.

181 3869 241 3927 515
264 3869 300 3928 de
325 3869 430 3928 Poenis
449 3878 535 3946 atque
555 3869 735 3933 Hasdrubale
756 3874 928 3952 triumphum
951 3874 1051 3950 egisse
1069 3868 1201 3932 Patauini
1216 3867 1288 3926 Liuii

181 3975 346 4033 testimonio
379 3983 492 4034 constat
522 3975 644 4037 XXVlll
672 3978 709 4055 9,
740 3997 910 4057 quamquam
943 3979 1018 4038 idem
1045 3978 1141 4037 Liuius
1163 3993 1190 4035 a.
1214 3993 1241 4032 u.
1263 3991 1289 4031 5.
1333 4044 1338 4059 ¹

181 4077 242 4136 533
271 4079 306 4138 de
332 4079 438 4154 illyriis
458 4082 650 4162 triumphasse
673 4083 861 4161 perbihetur,
886 4102 941 4163 qua
961 4084 998 4144 de
1021 4102 1054 4142 re
1083 4083 1150 4143 uide
1171 4080 1288 4140 Freins-

181 4180 268 4242 bemii
300 4187 450 4266 Supplem.
476 4189 546 4249 birrii
575 4190 602 4250 X
631 4190 681 4251 63.
731 4189 777 4247 Fr.
808 4187 847 4247 lll
878 4207 940 4247 oum
968 4190 1055 4249 facile
1101 4185 1289 4261 intellegatur
