<?xml version="1.0" encoding="UTF-8"?>
<!DOCTYPE html PUBLIC "-//W3C//DTD XHTML 1.0 Transitional//EN"
    "http://www.w3.org/TR/xhtml1/DTD/xhtml1-transitional.dtd">
<html xmlns="http://www.w3.org/1999/xhtml" xml:lang="en" lang="en">
 <head>
  <title>
</title>
<meta http-equiv="Content-Type" content="text/html;charset=utf-8" />
  <meta name='ocr-system' content='tesseract 3.04.00' />
  <meta name='ocr-capabilities' content='ocr_page ocr_carea ocr_par ocr_line ocrx_word'/>
</head>
<body>
  <div class='ocr_page' id='page_1' title='image "./ennianaepoesisr00ennigoog_0086.png"; bbox 0 0 2932 4942; ppageno 0'>
   <div class='ocr_carea' id='block_1_1' title="bbox 610 339 1281 401">
    <p class='ocr_par' dir='ltr' id='par_1_1' title="bbox 610 339 1281 401">
     <span class='ocr_line' id='line_1_1' title="bbox 610 339 1281 401; baseline 0.01 -7"><span class='ocrx_word' id='word_1_1' title='bbox 610 339 840 396; x_wconf 83' lang='lat' dir='ltr'><strong>ENNIANAE</strong></span> <span class='ocrx_word' id='word_1_2' title='bbox 1170 354 1281 401; x_wconf 80' lang='lat' dir='ltr'><strong>Lxxlx</strong></span> 
     </span>
    </p>
   </div>
   <div class='ocr_carea' id='block_1_2' title="bbox 157 503 1285 4268">
    <p class='ocr_par' dir='ltr' id='par_1_2' title="bbox 157 503 1283 1834">
     <span class='ocr_line' id='line_1_2' title="bbox 172 503 1279 584; baseline 0.005 -21"><span class='ocrx_word' id='word_1_3' title='bbox 172 504 352 563; x_wconf 78' lang='lat' dir='ltr'>commodius</span> <span class='ocrx_word' id='word_1_4' title='bbox 381 505 478 580; x_wconf 91' lang='lat' dir='ltr'><strong>possis</strong></span> <span class='ocrx_word' id='word_1_5' title='bbox 507 523 591 584; x_wconf 87' lang='lat' dir='ltr'><strong>quam</strong></span> <span class='ocrx_word' id='word_1_6' title='bbox 619 514 649 565; x_wconf 96' lang='lat' dir='ltr'><strong>ut</strong></span> <span class='ocrx_word' id='word_1_7' title='bbox 677 503 869 564; x_wconf 88' lang='lat' dir='ltr'><strong>Ribbeckium</strong></span> <span class='ocrx_word' id='word_1_8' title='bbox 898 515 1014 564; x_wconf 88' lang='lat' dir='ltr'><strong>secutus</strong></span> <span class='ocrx_word' id='word_1_9' title='bbox 1044 506 1102 565; x_wconf 88' lang='lat' dir='ltr'><strong>leci</strong></span> <span class='ocrx_word' id='word_1_10' title='bbox 1129 510 1279 569; x_wconf 88' lang='lat' dir='ltr'><strong>trochaico</strong></span> 
     </span>
     <span class='ocr_line' id='line_1_3' title="bbox 170 609 1280 690; baseline 0.007 -24"><span class='ocrx_word' id='word_1_11' title='bbox 170 626 290 667; x_wconf 92' lang='lat' dir='ltr'><strong>numero</strong></span> <span class='ocrx_word' id='word_1_12' title='bbox 314 611 357 667; x_wconf 89' lang='lat' dir='ltr'><strong>sic</strong></span> <span class='ocrx_word' id='word_1_13' title='bbox 376 609 516 668; x_wconf 78' lang='lat' dir='ltr'>dimetiri:</span> <span class='ocrx_word' id='word_1_14' title='bbox 545 613 614 687; x_wconf 80' lang='lat' dir='ltr'><strong>dqer</strong></span> <span class='ocrx_word' id='word_1_15' title='bbox 635 617 759 687; x_wconf 80' lang='lat' dir='ltr'><strong>oppletus</strong></span> <span class='ocrx_word' id='word_1_16' title='bbox 789 613 914 668; x_wconf 80' lang='lat' dir='ltr'><strong>imbrium</strong></span> <span class='ocrx_word' id='word_1_17' title='bbox 938 613 1061 670; x_wconf 74' lang='lat' dir='ltr'><strong>Fremitu</strong></span> <span class='ocrx_word' id='word_1_18' title='bbox 1091 612 1194 690; x_wconf 83' lang='lat' dir='ltr'><strong>(Trag.</strong></span> <span class='ocrx_word' id='word_1_19' title='bbox 1221 615 1280 674; x_wconf 86' lang='grc'><strong>146</strong></span> 
     </span>
     <span class='ocr_line' id='line_1_4' title="bbox 170 716 1279 798; baseline 0.002 -21"><span class='ocrx_word' id='word_1_20' title='bbox 170 721 244 795; x_wconf 82' lang='lat' dir='ltr'><strong>sq).</strong></span> <span class='ocrx_word' id='word_1_21' title='bbox 268 717 375 774; x_wconf 88' lang='lat' dir='ltr'><strong>Verum</strong></span> <span class='ocrx_word' id='word_1_22' title='bbox 391 725 486 774; x_wconf 92' lang='lat' dir='ltr'><strong>tamen</strong></span> <span class='ocrx_word' id='word_1_23' title='bbox 503 734 566 775; x_wconf 92' lang='lat' dir='ltr'><strong>cum</strong></span> <span class='ocrx_word' id='word_1_24' title='bbox 582 717 744 774; x_wconf 91' lang='lat' dir='ltr'><strong>testimonia</strong></span> <span class='ocrx_word' id='word_1_25' title='bbox 760 716 1010 792; x_wconf 86' lang='lat' dir='ltr'><strong>grammaticorum</strong></span> <span class='ocrx_word' id='word_1_26' title='bbox 1022 727 1137 796; x_wconf 83' lang='lat' dir='ltr'><strong>reputo,</strong></span> <span class='ocrx_word' id='word_1_27' title='bbox 1154 737 1279 798; x_wconf 87' lang='lat' dir='ltr'><strong>propen-</strong></span> 
     </span>
     <span class='ocr_line' id='line_1_5' title="bbox 169 814 1280 899; baseline 0.001 -17"><span class='ocrx_word' id='word_1_28' title='bbox 169 825 231 882; x_wconf 84' lang='lat' dir='ltr'><strong>sior</strong></span> <span class='ocrx_word' id='word_1_29' title='bbox 252 831 297 881; x_wconf 91' lang='lat' dir='ltr'><strong>est</strong></span> <span class='ocrx_word' id='word_1_30' title='bbox 317 824 426 881; x_wconf 89' lang='lat' dir='ltr'><strong>animus</strong></span> <span class='ocrx_word' id='word_1_31' title='bbox 449 821 485 880; x_wconf 88' lang='lat' dir='ltr'><strong>ad</strong></span> <span class='ocrx_word' id='word_1_32' title='bbox 504 821 698 896; x_wconf 76' lang='lat' dir='ltr'><strong>credendum,</strong></span> <span class='ocrx_word' id='word_1_33' title='bbox 720 840 836 895; x_wconf 84' lang='lat' dir='ltr'><strong>nerum,</strong></span> <span class='ocrx_word' id='word_1_34' title='bbox 858 823 897 881; x_wconf 91' lang='lat' dir='ltr'><strong>ita</strong></span> <span class='ocrx_word' id='word_1_35' title='bbox 915 831 944 879; x_wconf 93' lang='grc' dir='ltr'><strong>ιιι</strong></span> <span class='ocrx_word' id='word_1_36' title='bbox 967 822 1008 895; x_wconf 86' lang='lat' dir='ltr'><strong>lit,</strong></span> <span class='ocrx_word' id='word_1_37' title='bbox 1029 821 1083 881; x_wconf 93' lang='lat' dir='ltr'><strong>sub</strong></span> <span class='ocrx_word' id='word_1_38' title='bbox 1106 825 1208 899; x_wconf 91' lang='lat' dir='ltr'><strong>specie</strong></span> <span class='ocrx_word' id='word_1_39' title='bbox 1229 814 1280 884; x_wconf 87' lang='lat' dir='ltr'><strong>de·</strong></span> 
     </span>
     <span class='ocr_line' id='line_1_6' title="bbox 170 926 1280 1007; baseline 0.003 -22"><span class='ocrx_word' id='word_1_40' title='bbox 170 930 336 1006; x_wconf 87' lang='lat' dir='ltr'><strong>prauatiore</strong></span> <span class='ocrx_word' id='word_1_41' title='bbox 362 927 549 986; x_wconf 82' lang='lat' dir='ltr'><strong>delitescere.</strong></span> <span class='ocrx_word' id='word_1_42' title='bbox 595 926 692 1004; x_wconf 78' lang='lat' dir='ltr'><strong>Atque</strong></span> <span class='ocrx_word' id='word_1_43' title='bbox 718 928 746 985; x_wconf 96' lang='lat' dir='ltr'><strong>in</strong></span> <span class='ocrx_word' id='word_1_44' title='bbox 773 936 907 1004; x_wconf 90' lang='lat' dir='ltr'><strong>promptu</strong></span> <span class='ocrx_word' id='word_1_45' title='bbox 937 937 982 985; x_wconf 90' lang='lat' dir='ltr'><strong>est</strong></span> <span class='ocrx_word' id='word_1_46' title='bbox 1013 929 1193 1003; x_wconf 80' lang='lat' dir='ltr'><strong>emendatio,</strong></span> <span class='ocrx_word' id='word_1_47' title='bbox 1223 948 1280 1007; x_wconf 91' lang='lat' dir='ltr'><strong>qua</strong></span> 
     </span>
     <span class='ocr_line' id='line_1_7' title="bbox 170 1031 1279 1109; baseline -0.001 -16"><span class='ocrx_word' id='word_1_48' title='bbox 170 1045 199 1094; x_wconf 91' lang='lat' dir='ltr'><strong>ut</strong></span> <span class='ocrx_word' id='word_1_49' title='bbox 229 1033 360 1092; x_wconf 90' lang='lat' dir='ltr'><strong>trochaei</strong></span> <span class='ocrx_word' id='word_1_50' title='bbox 388 1032 535 1108; x_wconf 79' lang='lat' dir='ltr'><strong>turpitudo</strong></span> <span class='ocrx_word' id='word_1_51' title='bbox 562 1031 739 1109; x_wconf 78' lang='lat' dir='ltr'><strong>abstergitur</strong></span> <span class='ocrx_word' id='word_1_52' title='bbox 762 1034 800 1090; x_wconf 88' lang='lat' dir='ltr'><strong>ita</strong></span> <span class='ocrx_word' id='word_1_53' title='bbox 823 1033 963 1108; x_wconf 88' lang='lat' dir='ltr'><strong>insignior</strong></span> <span class='ocrx_word' id='word_1_54' title='bbox 984 1033 1146 1109; x_wconf 82' lang='lat' dir='ltr'><strong>scripturae</strong></span> <span class='ocrx_word' id='word_1_55' title='bbox 1170 1034 1279 1092; x_wconf 89' lang='lat' dir='ltr'><strong>discre-</strong></span> 
     </span>
     <span class='ocr_line' id='line_1_8' title="bbox 169 1137 1279 1218; baseline 0 -19"><span class='ocrx_word' id='word_1_56' title='bbox 169 1141 266 1218; x_wconf 90' lang='lat' dir='ltr'><strong>pantia</strong></span> <span class='ocrx_word' id='word_1_57' title='bbox 288 1139 464 1198; x_wconf 88' lang='lat' dir='ltr'><strong>inlustratur.</strong></span> <span class='ocrx_word' id='word_1_58' title='bbox 504 1137 618 1196; x_wconf 87' lang='lat' dir='ltr'><strong>Etenim</strong></span> <span class='ocrx_word' id='word_1_59' title='bbox 640 1138 765 1197; x_wconf 88' lang='lat' dir='ltr'><strong>adbibita</strong></span> <span class='ocrx_word' id='word_1_60' title='bbox 785 1156 862 1197; x_wconf 92' lang='lat' dir='ltr'><strong>uoce</strong></span> <span class='ocrx_word' id='word_1_61' title='bbox 885 1139 1000 1215; x_wconf 89' lang='lat' dir='ltr'><strong>antiqua</strong></span> <span class='ocrx_word' id='word_1_62' title='bbox 1021 1146 1051 1196; x_wconf 92' lang='lat' dir='ltr'><strong>et</strong></span> <span class='ocrx_word' id='word_1_63' title='bbox 1068 1154 1141 1214; x_wconf 88' lang='lat' dir='ltr'><strong>quae</strong></span> <span class='ocrx_word' id='word_1_64' title='bbox 1161 1141 1279 1216; x_wconf 88' lang='lat' dir='ltr'><strong>saepius</strong></span> 
     </span>
     <span class='ocr_line' id='line_1_9' title="bbox 171 1242 1278 1322; baseline -0.001 -18"><span class='ocrx_word' id='word_1_65' title='bbox 171 1264 236 1304; x_wconf 92' lang='lat' dir='ltr'><strong>cum</strong></span> <span class='ocrx_word' id='word_1_66' title='bbox 258 1245 327 1304; x_wconf 86' lang='lat' dir='ltr'><strong>alibi</strong></span> <span class='ocrx_word' id='word_1_67' title='bbox 349 1252 406 1302; x_wconf 88' lang='lat' dir='ltr'><strong>tum</strong></span> <span class='ocrx_word' id='word_1_68' title='bbox 428 1242 505 1320; x_wconf 90' lang='lat' dir='ltr'><strong>apud</strong></span> <span class='ocrx_word' id='word_1_69' title='bbox 526 1242 647 1301; x_wconf 85' lang='lat' dir='ltr'><strong>Ennium</strong></span> <span class='ocrx_word' id='word_1_70' title='bbox 667 1247 749 1322; x_wconf 92' lang='lat' dir='ltr'><strong>quasi</strong></span> <span class='ocrx_word' id='word_1_71' title='bbox 771 1263 809 1304; x_wconf 84' lang='lat' dir='ltr'><strong>ex</strong></span> <span class='ocrx_word' id='word_1_72' title='bbox 830 1242 977 1302; x_wconf 91' lang='lat' dir='ltr'><strong>obliuione</strong></span> <span class='ocrx_word' id='word_1_73' title='bbox 1002 1244 1139 1304; x_wconf 90' lang='lat' dir='ltr'><strong>suscitata</strong></span> <span class='ocrx_word' id='word_1_74' title='bbox 1159 1254 1204 1304; x_wconf 91' lang='lat' dir='ltr'><strong>est</strong></span> <span class='ocrx_word' id='word_1_75' title='bbox 1226 1246 1278 1318; x_wconf 84' lang='lat' dir='ltr'><strong>(cl.</strong></span> 
     </span>
     <span class='ocr_line' id='line_1_10' title="bbox 170 1347 1278 1426; baseline -0.001 -16"><span class='ocrx_word' id='word_1_76' title='bbox 170 1352 246 1410; x_wconf 78' lang='lat' dir='ltr'><strong>Anu.</strong></span> <span class='ocrx_word' id='word_1_77' title='bbox 267 1351 335 1411; x_wconf 88' lang='grc'><strong>161.</strong></span> <span class='ocrx_word' id='word_1_78' title='bbox 353 1349 425 1408; x_wconf 86' lang='grc'>314.</span> <span class='ocrx_word' id='word_1_79' title='bbox 441 1350 531 1426; x_wconf 84' lang='grc'>411),</span> <span class='ocrx_word' id='word_1_80' title='bbox 551 1347 634 1407; x_wconf 86' lang='lat' dir='ltr'><strong>Ennii</strong></span> <span class='ocrx_word' id='word_1_81' title='bbox 657 1368 768 1411; x_wconf 91' lang='lat' dir='ltr'><strong>manum</strong></span> <span class='ocrx_word' id='word_1_82' title='bbox 792 1355 829 1411; x_wconf 91' lang='lat' dir='ltr'><strong>ita</strong></span> <span class='ocrx_word' id='word_1_83' title='bbox 852 1349 981 1426; x_wconf 81' lang='lat' dir='ltr'><strong>retingo:</strong></span> <span class='ocrx_word' id='word_1_84' title='bbox 1005 1368 1094 1408; x_wconf 81' lang='lat' dir='ltr'><strong>noenu</strong></span> <span class='ocrx_word' id='word_1_85' title='bbox 1110 1356 1186 1409; x_wconf 79' lang='lat' dir='ltr'><strong>decet</strong></span> <span class='ocrx_word' id='word_1_86' title='bbox 1205 1370 1278 1410; x_wconf 78' lang='lat' dir='ltr'><strong>muo-</strong></span> 
     </span>
     <span class='ocr_line' id='line_1_11' title="bbox 170 1456 1280 1536; baseline 0.001 -21"><span class='ocrx_word' id='word_1_87' title='bbox 170 1475 236 1516; x_wconf 84' lang='lat' dir='ltr'><strong>rore</strong></span> <span class='ocrx_word' id='word_1_88' title='bbox 254 1461 345 1515; x_wconf 81' lang='lat' dir='ltr'><strong>bonos.</strong></span> <span class='ocrx_word' id='word_1_89' title='bbox 391 1459 488 1514; x_wconf 82' lang='lat' dir='ltr'><strong>Noenu</strong></span> <span class='ocrx_word' id='word_1_90' title='bbox 510 1456 583 1513; x_wconf 90' lang='lat' dir='ltr'><strong>enim</strong></span> <span class='ocrx_word' id='word_1_91' title='bbox 607 1465 808 1535; x_wconf 78' lang='lat' dir='ltr'><strong>posteaquam,</strong></span> <span class='ocrx_word' id='word_1_92' title='bbox 833 1465 864 1515; x_wconf 91' lang='lat' dir='ltr'><strong>ut</strong></span> <span class='ocrx_word' id='word_1_93' title='bbox 887 1456 1069 1533; x_wconf 84' lang='lat' dir='ltr'><strong>plerumque,</strong></span> <span class='ocrx_word' id='word_1_94' title='bbox 1092 1459 1119 1516; x_wconf 94' lang='lat' dir='ltr'><strong>in</strong></span> <span class='ocrx_word' id='word_1_95' title='bbox 1141 1479 1197 1516; x_wconf 83' lang='lat' dir='ltr'><strong>non</strong></span> <span class='ocrx_word' id='word_1_96' title='bbox 1215 1477 1280 1536; x_wconf 89' lang='lat' dir='ltr'><strong>par-</strong></span> 
     </span>
     <span class='ocr_line' id='line_1_12' title="bbox 170 1561 1279 1636; baseline 0.003 -17"><span class='ocrx_word' id='word_1_97' title='bbox 170 1562 285 1620; x_wconf 89' lang='lat' dir='ltr'><strong>ticulam</strong></span> <span class='ocrx_word' id='word_1_98' title='bbox 309 1561 395 1636; x_wconf 87' lang='lat' dir='ltr'><strong>abiit,</strong></span> <span class='ocrx_word' id='word_1_99' title='bbox 419 1578 476 1619; x_wconf 93' lang='lat' dir='ltr'><strong>non</strong></span> <span class='ocrx_word' id='word_1_100' title='bbox 498 1561 632 1620; x_wconf 89' lang='lat' dir='ltr'><strong>indoctus</strong></span> <span class='ocrx_word' id='word_1_101' title='bbox 655 1563 789 1622; x_wconf 85' lang='lat' dir='ltr'><strong>librarius</strong></span> <span class='ocrx_word' id='word_1_102' title='bbox 810 1562 955 1621; x_wconf 86' lang='lat' dir='ltr'><strong>labentem</strong></span> <span class='ocrx_word' id='word_1_103' title='bbox 977 1562 1115 1620; x_wconf 89' lang='lat' dir='ltr'><strong>uersiculi</strong></span> <span class='ocrx_word' id='word_1_104' title='bbox 1134 1580 1279 1622; x_wconf 92' lang='lat' dir='ltr'><strong>numerum</strong></span> 
     </span>
     <span class='ocr_line' id='line_1_13' title="bbox 157 1660 1283 1744; baseline 0.003 -19"><span class='ocrx_word' id='word_1_105' title='bbox 157 1660 206 1726; x_wconf 86' lang='lat' dir='ltr'><strong>¹ea</strong></span> <span class='ocrx_word' id='word_1_106' title='bbox 229 1668 321 1735; x_wconf 81' lang='lat' dir='ltr'><strong>forma</strong></span> <span class='ocrx_word' id='word_1_107' title='bbox 348 1686 433 1744; x_wconf 90' lang='lat' dir='ltr'><strong>quam</strong></span> <span class='ocrx_word' id='word_1_108' title='bbox 460 1668 647 1743; x_wconf 79' lang='lat' dir='ltr'><strong>Philargyrus</strong></span> <span class='ocrx_word' id='word_1_109' title='bbox 678 1669 806 1729; x_wconf 90' lang='lat' dir='ltr'><strong>seruauit</strong></span> <span class='ocrx_word' id='word_1_110' title='bbox 837 1691 891 1727; x_wconf 84' lang='lat' dir='ltr'><strong>noa</strong></span> <span class='ocrx_word' id='word_1_111' title='bbox 918 1679 1038 1744; x_wconf 81' lang='lat' dir='ltr'><strong>possunt</strong></span> <span class='ocrx_word' id='word_1_112' title='bbox 1061 1689 1188 1728; x_wconf 80' lang='lat' dir='ltr'><strong>massere</strong></span> <span class='ocrx_word' id='word_1_113' title='bbox 1218 1675 1283 1729; x_wconf 72' lang='lat' dir='ltr'><strong>botai</strong></span> 
     </span>
     <span class='ocr_line' id='line_1_14' title="bbox 170 1774 618 1834; baseline 0 -3"><span class='ocrx_word' id='word_1_114' title='bbox 170 1782 334 1833; x_wconf 87' lang='lat' dir='ltr'><strong>sustentare</strong></span> <span class='ocrx_word' id='word_1_115' title='bbox 355 1774 480 1834; x_wconf 89' lang='lat' dir='ltr'><strong>uiriliter</strong></span> <span class='ocrx_word' id='word_1_116' title='bbox 501 1774 618 1834; x_wconf 86' lang='lat' dir='ltr'><strong>studuit.</strong></span> 
     </span>
    </p>

    <p class='ocr_par' dir='ltr' id='par_1_3' title="bbox 171 1880 1282 3761">
     <span class='ocr_line' id='line_1_15' title="bbox 256 1880 1279 1959; baseline 0 -19"><span class='ocrx_word' id='word_1_117' title='bbox 256 1880 301 1940; x_wconf 80' lang='lat' dir='ltr'><strong>Ad</strong></span> <span class='ocrx_word' id='word_1_118' title='bbox 324 1881 436 1940; x_wconf 90' lang='lat' dir='ltr'><strong>calcem</strong></span> <span class='ocrx_word' id='word_1_119' title='bbox 455 1882 597 1941; x_wconf 84' lang='lat' dir='ltr'><strong>annalium</strong></span> <span class='ocrx_word' id='word_1_120' title='bbox 621 1890 790 1958; x_wconf 87' lang='lat' dir='ltr'><strong>peruentum</strong></span> <span class='ocrx_word' id='word_1_121' title='bbox 815 1891 875 1955; x_wconf 80' lang='lat' dir='ltr'><strong>est,</strong></span> <span class='ocrx_word' id='word_1_122' title='bbox 906 1882 1009 1959; x_wconf 88' lang='lat' dir='ltr'><strong>inqua</strong></span> <span class='ocrx_word' id='word_1_123' title='bbox 1031 1885 1137 1956; x_wconf 76' lang='lat' dir='ltr'><strong>poeta,</strong></span> <span class='ocrx_word' id='word_1_124' title='bbox 1167 1889 1197 1938; x_wconf 92' lang='lat' dir='ltr'><strong>ut</strong></span> <span class='ocrx_word' id='word_1_125' title='bbox 1216 1882 1279 1958; x_wconf 87' lang='lat' dir='ltr'><strong>ipse</strong></span> 
     </span>
     <span class='ocr_line' id='line_1_16' title="bbox 171 1984 1280 2066; baseline 0.001 -22"><span class='ocrx_word' id='word_1_126' title='bbox 171 1984 225 2045; x_wconf 90' lang='lat' dir='ltr'><strong>bac</strong></span> <span class='ocrx_word' id='word_1_127' title='bbox 241 1988 458 2064; x_wconf 86' lang='lat' dir='ltr'><strong>opportunitate</strong></span> <span class='ocrx_word' id='word_1_128' title='bbox 477 1988 585 2046; x_wconf 89' lang='lat' dir='ltr'><strong>monuit</strong></span> <span class='ocrx_word' id='word_1_129' title='bbox 609 1987 691 2066; x_wconf 80' lang='lat' dir='ltr'><strong>(lv),</strong></span> <span class='ocrx_word' id='word_1_130' title='bbox 715 1988 867 2064; x_wconf 88' lang='lat' dir='ltr'><strong>septimum</strong></span> <span class='ocrx_word' id='word_1_131' title='bbox 890 1995 920 2044; x_wconf 93' lang='lat' dir='ltr'><strong>et</strong></span> <span class='ocrx_word' id='word_1_132' title='bbox 942 1986 1156 2062; x_wconf 84' lang='lat' dir='ltr'><strong>sexagesimum</strong></span> <span class='ocrx_word' id='word_1_133' title='bbox 1178 2003 1280 2045; x_wconf 89' lang='lat' dir='ltr'><strong>aunum</strong></span> 
     </span>
     <span class='ocr_line' id='line_1_17' title="bbox 171 2091 1278 2171; baseline -0.003 -21"><span class='ocrx_word' id='word_1_134' title='bbox 171 2109 262 2169; x_wconf 89' lang='lat' dir='ltr'><strong>agens</strong></span> <span class='ocrx_word' id='word_1_135' title='bbox 280 2092 451 2152; x_wconf 89' lang='lat' dir='ltr'><strong>elaborauit.</strong></span> <span class='ocrx_word' id='word_1_136' title='bbox 487 2091 533 2152; x_wconf 84' lang='lat' dir='ltr'><strong>Cl.</strong></span> <span class='ocrx_word' id='word_1_137' title='bbox 552 2112 579 2171; x_wconf 90' lang='lat' dir='ltr'><strong>p.</strong></span> <span class='ocrx_word' id='word_1_138' title='bbox 597 2093 674 2153; x_wconf 89' lang='grc' dir='ltr'>ΧΙΧ.</span> <span class='ocrx_word' id='word_1_139' title='bbox 710 2092 753 2152; x_wconf 93' lang='lat' dir='ltr'><strong>lbi</strong></span> <span class='ocrx_word' id='word_1_140' title='bbox 769 2103 921 2171; x_wconf 89' lang='lat' dir='ltr'><strong>praeterea</strong></span> <span class='ocrx_word' id='word_1_141' title='bbox 940 2094 996 2152; x_wconf 89' lang='lat' dir='ltr'><strong>alia</strong></span> <span class='ocrx_word' id='word_1_142' title='bbox 1011 2094 1047 2152; x_wconf 93' lang='lat' dir='ltr'><strong>de</strong></span> <span class='ocrx_word' id='word_1_143' title='bbox 1067 2093 1124 2150; x_wconf 90' lang='lat' dir='ltr'><strong>uita</strong></span> <span class='ocrx_word' id='word_1_144' title='bbox 1144 2109 1195 2150; x_wconf 91' lang='lat' dir='ltr'><strong>sua</strong></span> <span class='ocrx_word' id='word_1_145' title='bbox 1215 2108 1278 2149; x_wconf 89' lang='lat' dir='ltr'><strong>nar-</strong></span> 
     </span>
     <span class='ocr_line' id='line_1_18' title="bbox 172 2194 1278 2277; baseline 0.002 -20"><span class='ocrx_word' id='word_1_146' title='bbox 172 2199 252 2257; x_wconf 92' lang='lat' dir='ltr'><strong>randi</strong></span> <span class='ocrx_word' id='word_1_147' title='bbox 268 2200 402 2276; x_wconf 83' lang='lat' dir='ltr'><strong>cupidior</strong></span> <span class='ocrx_word' id='word_1_148' title='bbox 424 2218 517 2258; x_wconf 83' lang='lat' dir='ltr'><strong>senex</strong></span> <span class='ocrx_word' id='word_1_149' title='bbox 533 2201 724 2277; x_wconf 89' lang='lat' dir='ltr'><strong>exprompsit.</strong></span> <span class='ocrx_word' id='word_1_150' title='bbox 769 2198 841 2257; x_wconf 88' lang='lat' dir='ltr'><strong>Nam</strong></span> <span class='ocrx_word' id='word_1_151' title='bbox 857 2199 932 2259; x_wconf 90' lang='lat' dir='ltr'><strong>baec</strong></span> <span class='ocrx_word' id='word_1_152' title='bbox 952 2218 1026 2277; x_wconf 86' lang='lat' dir='ltr'><strong>quae</strong></span> <span class='ocrx_word' id='word_1_153' title='bbox 1041 2197 1177 2257; x_wconf 81' lang='lat' dir='ltr'><strong>Ciceroni</strong></span> <span class='ocrx_word' id='word_1_154' title='bbox 1198 2194 1278 2274; x_wconf 79' lang='lat' dir='ltr'><strong>(Gal.</strong></span> 
     </span>
     <span class='ocr_line' id='line_1_19' title="bbox 171 2305 1282 2382; baseline -0.003 -19"><span class='ocrx_word' id='word_1_155' title='bbox 171 2306 236 2363; x_wconf 85' lang='lat' dir='ltr'><strong>mai.</strong></span> <span class='ocrx_word' id='word_1_156' title='bbox 249 2305 279 2380; x_wconf 82' lang='lat'><strong>5,</strong></span> <span class='ocrx_word' id='word_1_157' title='bbox 293 2305 347 2382; x_wconf 94' lang='grc'><strong>14)</strong></span> <span class='ocrx_word' id='word_1_158' title='bbox 362 2305 501 2366; x_wconf 88' lang='lat' dir='ltr'><strong>debemus</strong></span> <span class='ocrx_word' id='word_1_159' title='bbox 519 2312 558 2364; x_wconf 81' lang='lat' dir='ltr'><strong>sic</strong></span> <span class='ocrx_word' id='word_1_160' title='bbox 573 2315 602 2364; x_wconf 86' lang='grc' dir='ltr'><strong>ιιι</strong></span> <span class='ocrx_word' id='word_1_161' title='bbox 613 2311 696 2380; x_wconf 79' lang='lat' dir='ltr'><strong>fortis</strong></span> <span class='ocrx_word' id='word_1_162' title='bbox 710 2324 795 2380; x_wconf 80' lang='lat' dir='ltr'><strong>equas</strong></span> <span class='ocrx_word' id='word_1_163' title='bbox 806 2311 893 2381; x_wconf 82' lang='lat' dir='ltr'><strong>spolio</strong></span> <span class='ocrx_word' id='word_1_164' title='bbox 905 2313 953 2381; x_wconf 85' lang='lat' dir='ltr'><strong>qui</strong></span> <span class='ocrx_word' id='word_1_165' title='bbox 971 2325 1056 2382; x_wconf 81' lang='lat' dir='ltr'><strong>saepe</strong></span> <span class='ocrx_word' id='word_1_166' title='bbox 1066 2323 1195 2380; x_wconf 84' lang='lat' dir='ltr'><strong>supremo</strong></span> <span class='ocrx_word' id='word_1_167' title='bbox 1214 2307 1282 2362; x_wconf 80' lang='lat' dir='ltr'><strong>Vicit</strong></span> 
     </span>
     <span class='ocr_line' id='line_1_20' title="bbox 173 2410 1280 2489; baseline -0.002 -19"><span class='ocrx_word' id='word_1_168' title='bbox 173 2415 299 2486; x_wconf 73' lang='lat' dir='ltr'><strong>disrupto,</strong></span> <span class='ocrx_word' id='word_1_169' title='bbox 322 2432 396 2470; x_wconf 83' lang='lat' dir='ltr'><strong>nunc</strong></span> <span class='ocrx_word' id='word_1_170' title='bbox 412 2418 488 2470; x_wconf 82' lang='lat' dir='ltr'><strong>senio</strong></span> <span class='ocrx_word' id='word_1_171' title='bbox 509 2414 650 2486; x_wconf 78' lang='lat' dir='ltr'><strong>confectus</strong></span> <span class='ocrx_word' id='word_1_172' title='bbox 664 2416 778 2484; x_wconf 80' lang='lat' dir='ltr'><strong>quiescit</strong></span> <span class='ocrx_word' id='word_1_173' title='bbox 797 2410 881 2489; x_wconf 87' lang='lat' dir='ltr'><strong>(Vll)</strong></span> <span class='ocrx_word' id='word_1_174' title='bbox 898 2410 973 2471; x_wconf 91' lang='lat' dir='ltr'><strong>baud</strong></span> <span class='ocrx_word' id='word_1_175' title='bbox 995 2412 1081 2471; x_wconf 92' lang='lat' dir='ltr'><strong>dubie</strong></span> <span class='ocrx_word' id='word_1_176' title='bbox 1097 2411 1205 2470; x_wconf 88' lang='lat' dir='ltr'><strong>Ennius</strong></span> <span class='ocrx_word' id='word_1_177' title='bbox 1223 2426 1280 2469; x_wconf 95' lang='lat' dir='ltr'><strong>non</strong></span> 
     </span>
     <span class='ocr_line' id='line_1_21' title="bbox 172 2516 1280 2594; baseline -0.003 -17"><span class='ocrx_word' id='word_1_178' title='bbox 172 2519 295 2577; x_wconf 84' lang='lat' dir='ltr'><strong>seorsim</strong></span> <span class='ocrx_word' id='word_1_179' title='bbox 323 2517 359 2575; x_wconf 90' lang='lat' dir='ltr'><strong>ab</strong></span> <span class='ocrx_word' id='word_1_180' title='bbox 386 2520 489 2578; x_wconf 89' lang='lat' dir='ltr'><strong>aetatis</strong></span> <span class='ocrx_word' id='word_1_181' title='bbox 514 2535 584 2576; x_wconf 91' lang='lat' dir='ltr'><strong>snae</strong></span> <span class='ocrx_word' id='word_1_182' title='bbox 611 2517 885 2576; x_wconf 85' lang='lat' dir='ltr'><strong>commemoratione</strong></span> <span class='ocrx_word' id='word_1_183' title='bbox 908 2517 1019 2576; x_wconf 86' lang='lat' dir='ltr'><strong>extulit.</strong></span> <span class='ocrx_word' id='word_1_184' title='bbox 1065 2516 1172 2594; x_wconf 86' lang='lat' dir='ltr'><strong>&#39;letigit</strong></span> <span class='ocrx_word' id='word_1_185' title='bbox 1195 2518 1280 2576; x_wconf 91' lang='lat' dir='ltr'><strong>etiam</strong></span> 
     </span>
     <span class='ocr_line' id='line_1_22' title="bbox 171 2621 1279 2702; baseline -0.001 -20"><span class='ocrx_word' id='word_1_186' title='bbox 171 2642 263 2700; x_wconf 90' lang='lat' dir='ltr'><strong>genus</strong></span> <span class='ocrx_word' id='word_1_187' title='bbox 283 2642 364 2682; x_wconf 90' lang='lat' dir='ltr'><strong>snum</strong></span> <span class='ocrx_word' id='word_1_188' title='bbox 385 2624 462 2702; x_wconf 87' lang='lat' dir='ltr'><strong>quod</strong></span> <span class='ocrx_word' id='word_1_189' title='bbox 482 2641 497 2681; x_wconf 99' lang='lat' dir='ltr'><strong>a</strong></span> <span class='ocrx_word' id='word_1_190' title='bbox 516 2623 652 2700; x_wconf 88' lang='lat' dir='ltr'><strong>Messapo</strong></span> <span class='ocrx_word' id='word_1_191' title='bbox 674 2622 814 2698; x_wconf 86' lang='lat' dir='ltr'><strong>originem</strong></span> <span class='ocrx_word' id='word_1_192' title='bbox 836 2622 923 2681; x_wconf 92' lang='lat' dir='ltr'><strong>ducat</strong></span> <span class='ocrx_word' id='word_1_193' title='bbox 947 2621 1019 2701; x_wconf 88' lang='lat' dir='ltr'><strong>(Vl)</strong></span> <span class='ocrx_word' id='word_1_194' title='bbox 1040 2633 1068 2681; x_wconf 90' lang='lat' dir='ltr'><strong>et</strong></span> <span class='ocrx_word' id='word_1_195' title='bbox 1087 2641 1119 2681; x_wconf 88' lang='lat' dir='ltr'><strong>se</strong></span> <span class='ocrx_word' id='word_1_196' title='bbox 1139 2622 1279 2681; x_wconf 84' lang='lat' dir='ltr'><strong>Rudinum</strong></span> 
     </span>
     <span class='ocr_line' id='line_1_23' title="bbox 171 2726 1277 2806; baseline -0.004 -18"><span class='ocrx_word' id='word_1_197' title='bbox 171 2748 240 2789; x_wconf 91' lang='lat' dir='ltr'><strong>esse</strong></span> <span class='ocrx_word' id='word_1_198' title='bbox 268 2728 361 2788; x_wconf 85' lang='lat' dir='ltr'><strong>Fuluii</strong></span> <span class='ocrx_word' id='word_1_199' title='bbox 388 2728 547 2787; x_wconf 86' lang='lat' dir='ltr'><strong>Nobilioris</strong></span> <span class='ocrx_word' id='word_1_200' title='bbox 576 2729 720 2788; x_wconf 86' lang='lat' dir='ltr'><strong>beneficio</strong></span> <span class='ocrx_word' id='word_1_201' title='bbox 745 2726 872 2787; x_wconf 86' lang='lat' dir='ltr'><strong>Romana</strong></span> <span class='ocrx_word' id='word_1_202' title='bbox 901 2728 1016 2787; x_wconf 86' lang='lat' dir='ltr'><strong>ciuitate</strong></span> <span class='ocrx_word' id='word_1_203' title='bbox 1047 2728 1182 2788; x_wconf 91' lang='lat' dir='ltr'><strong>donatum</strong></span> <span class='ocrx_word' id='word_1_204' title='bbox 1209 2727 1277 2806; x_wconf 85' lang='lat' dir='ltr'>(V).</span> 
     </span>
     <span class='ocr_line' id='line_1_24' title="bbox 171 2830 1279 2913; baseline -0.003 -19"><span class='ocrx_word' id='word_1_205' title='bbox 171 2832 234 2894; x_wconf 89' lang='lat' dir='ltr'><strong>lloc</strong></span> <span class='ocrx_word' id='word_1_206' title='bbox 250 2830 372 2912; x_wconf 67' lang='lat' dir='ltr'><strong>&#39;quidem</strong></span> <span class='ocrx_word' id='word_1_207' title='bbox 393 2834 471 2912; x_wconf 91' lang='lat' dir='ltr'><strong>quod</strong></span> <span class='ocrx_word' id='word_1_208' title='bbox 490 2833 527 2891; x_wconf 92' lang='lat' dir='ltr'><strong>de</strong></span> <span class='ocrx_word' id='word_1_209' title='bbox 550 2835 665 2894; x_wconf 89' lang='lat' dir='ltr'><strong>ciuitate</strong></span> <span class='ocrx_word' id='word_1_210' title='bbox 687 2835 755 2893; x_wconf 92' lang='lat' dir='ltr'><strong>dicit</strong></span> <span class='ocrx_word' id='word_1_211' title='bbox 779 2835 872 2913; x_wconf 90' lang='lat' dir='ltr'><strong>potuit</strong></span> <span class='ocrx_word' id='word_1_212' title='bbox 894 2835 978 2892; x_wconf 89' lang='lat' dir='ltr'><strong>etiam</strong></span> <span class='ocrx_word' id='word_1_213' title='bbox 1002 2844 1058 2892; x_wconf 91' lang='lat' dir='ltr'><strong>tum</strong></span> <span class='ocrx_word' id='word_1_214' title='bbox 1081 2853 1145 2893; x_wconf 91' lang='lat' dir='ltr'><strong>cum</strong></span> <span class='ocrx_word' id='word_1_215' title='bbox 1164 2836 1192 2891; x_wconf 95' lang='lat' dir='ltr'><strong>in</strong></span> <span class='ocrx_word' id='word_1_216' title='bbox 1214 2834 1279 2892; x_wconf 85' lang='lat' dir='ltr'><strong>Ful·</strong></span> 
     </span>
     <span class='ocr_line' id='line_1_25' title="bbox 172 2938 1281 3016; baseline -0.002 -17"><span class='ocrx_word' id='word_1_217' title='bbox 172 2940 210 2999; x_wconf 90' lang='lat' dir='ltr'><strong>uii</strong></span> <span class='ocrx_word' id='word_1_218' title='bbox 243 2941 329 3000; x_wconf 91' lang='lat' dir='ltr'><strong>rebus</strong></span> <span class='ocrx_word' id='word_1_219' title='bbox 360 2940 532 3000; x_wconf 89' lang='lat' dir='ltr'><strong>uersabatur</strong></span> <span class='ocrx_word' id='word_1_220' title='bbox 567 2958 809 2999; x_wconf 87' lang='lat' dir='ltr'><strong>commemorare:</strong></span> <span class='ocrx_word' id='word_1_221' title='bbox 845 2957 1014 3016; x_wconf 92' lang='lat' dir='ltr'><strong>quamquam</strong></span> <span class='ocrx_word' id='word_1_222' title='bbox 1045 2940 1137 3014; x_wconf 81' lang='lat' dir='ltr'><strong>magis</strong></span> <span class='ocrx_word' id='word_1_223' title='bbox 1168 2938 1281 2997; x_wconf 89' lang='lat' dir='ltr'><strong>adridet</strong></span> 
     </span>
     <span class='ocr_line' id='line_1_26' title="bbox 173 3022 1279 3125; baseline -0.005 -19"><span class='ocrx_word' id='word_1_224' title='bbox 173 3055 289 3125; x_wconf 79' lang='lat' dir='ltr'><strong>poetam</strong></span> <span class='ocrx_word' id='word_1_225' title='bbox 311 3048 340 3105; x_wconf 94' lang='lat' dir='ltr'><strong>in</strong></span> <span class='ocrx_word' id='word_1_226' title='bbox 362 3055 492 3106; x_wconf 85' lang='lat' dir='ltr'><strong>extrema</strong></span> <span class='ocrx_word' id='word_1_227' title='bbox 514 3055 610 3106; x_wconf 90' lang='lat' dir='ltr'><strong>aetate</strong></span> <span class='ocrx_word' id='word_1_228' title='bbox 625 3022 786 3123; x_wconf 81' lang='lat' dir='ltr'><strong>superioris</strong></span> <span class='ocrx_word' id='word_1_229' title='bbox 807 3047 883 3103; x_wconf 87' lang='lat' dir='ltr'><strong>uitae</strong></span> <span class='ocrx_word' id='word_1_230' title='bbox 900 3044 1072 3102; x_wconf 88' lang='lat' dir='ltr'><strong>admonitum</strong></span> <span class='ocrx_word' id='word_1_231' title='bbox 1088 3043 1166 3102; x_wconf 88' lang='lat' dir='ltr'><strong>laeto</strong></span> <span class='ocrx_word' id='word_1_232' title='bbox 1186 3044 1279 3102; x_wconf 88' lang='lat' dir='ltr'><strong>animo</strong></span> 
     </span>
     <span class='ocr_line' id='line_1_27' title="bbox 172 3148 1280 3235; baseline -0.005 -24"><span class='ocrx_word' id='word_1_233' title='bbox 172 3153 262 3213; x_wconf 82' lang='lat' dir='ltr'><strong>baec:</strong></span> <span class='ocrx_word' id='word_1_234' title='bbox 285 3172 335 3212; x_wconf 82' lang='lat' dir='ltr'><strong>nos</strong></span> <span class='ocrx_word' id='word_1_235' title='bbox 355 3171 450 3235; x_wconf 75' lang='lat' dir='ltr'><strong>stemus</strong></span> <span class='ocrx_word' id='word_1_236' title='bbox 465 3157 586 3211; x_wconf 80' lang='lat' dir='ltr'><strong>Romani</strong></span> <span class='ocrx_word' id='word_1_237' title='bbox 604 3159 652 3226; x_wconf 84' lang='lat' dir='ltr'><strong>qui</strong></span> <span class='ocrx_word' id='word_1_238' title='bbox 665 3155 770 3227; x_wconf 84' lang='lat' dir='ltr'><strong>suimus</strong></span> <span class='ocrx_word' id='word_1_239' title='bbox 790 3161 854 3208; x_wconf 85' lang='lat' dir='ltr'><strong>onte</strong></span> <span class='ocrx_word' id='word_1_240' title='bbox 877 3155 982 3209; x_wconf 79' lang='lat' dir='ltr'><strong>Rudini</strong></span> <span class='ocrx_word' id='word_1_241' title='bbox 999 3149 1191 3212; x_wconf 81' lang='lat' dir='ltr'><strong>exclamasse.</strong></span> <span class='ocrx_word' id='word_1_242' title='bbox 1235 3148 1280 3206; x_wconf 88' lang='lat' dir='ltr'><strong>De</strong></span> 
     </span>
     <span class='ocr_line' id='line_1_28' title="bbox 172 3254 1281 3337; baseline -0.007 -17"><span class='ocrx_word' id='word_1_243' title='bbox 172 3262 288 3320; x_wconf 90' lang='lat' dir='ltr'><strong>ciuitate</strong></span> <span class='ocrx_word' id='word_1_244' title='bbox 317 3260 401 3320; x_wconf 85' lang='lat' dir='ltr'><strong>Ennii</strong></span> <span class='ocrx_word' id='word_1_245' title='bbox 430 3268 459 3317; x_wconf 93' lang='lat' dir='ltr'><strong>et</strong></span> <span class='ocrx_word' id='word_1_246' title='bbox 487 3275 545 3337; x_wconf 93' lang='lat' dir='ltr'><strong>quo</strong></span> <span class='ocrx_word' id='word_1_247' title='bbox 575 3268 661 3335; x_wconf 88' lang='lat' dir='ltr'><strong>pacto</strong></span> <span class='ocrx_word' id='word_1_248' title='bbox 691 3275 754 3316; x_wconf 90' lang='lat' dir='ltr'><strong>eam</strong></span> <span class='ocrx_word' id='word_1_249' title='bbox 779 3257 902 3334; x_wconf 78' lang='lat' dir='ltr'><strong>adeptus</strong></span> <span class='ocrx_word' id='word_1_250' title='bbox 929 3258 965 3316; x_wconf 94' lang='lat' dir='ltr'><strong>sit</strong></span> <span class='ocrx_word' id='word_1_251' title='bbox 995 3258 1060 3316; x_wconf 90' lang='lat' dir='ltr'><strong>uide</strong></span> <span class='ocrx_word' id='word_1_252' title='bbox 1082 3254 1114 3313; x_wconf 87' lang='lat' dir='ltr'><strong>F.</strong></span> <span class='ocrx_word' id='word_1_253' title='bbox 1139 3254 1281 3313; x_wconf 88' lang='lat' dir='ltr'><strong>Ritteruru</strong></span> 
     </span>
     <span class='ocr_line' id='line_1_29' title="bbox 172 3361 1278 3444; baseline -0.005 -19"><span class='ocrx_word' id='word_1_254' title='bbox 172 3365 294 3444; x_wconf 85' lang='lat' dir='ltr'><strong>Ephem.</strong></span> <span class='ocrx_word' id='word_1_255' title='bbox 317 3369 405 3444; x_wconf 90' lang='lat' dir='ltr'><strong>antiq.</strong></span> <span class='ocrx_word' id='word_1_256' title='bbox 421 3365 546 3424; x_wconf 90' lang='lat' dir='ltr'><strong>Darmst.</strong></span> <span class='ocrx_word' id='word_1_257' title='bbox 569 3383 593 3428; x_wconf 84' lang='lat' dir='ltr'><strong>a.</strong></span> <span class='ocrx_word' id='word_1_258' title='bbox 618 3363 698 3423; x_wconf 86' lang='grc'>1840</span> <span class='ocrx_word' id='word_1_259' title='bbox 721 3382 749 3441; x_wconf 91' lang='lat' dir='ltr'><strong>p.</strong></span> <span class='ocrx_word' id='word_1_260' title='bbox 767 3362 827 3423; x_wconf 85' lang='lat'><strong>383</strong></span> <span class='ocrx_word' id='word_1_261' title='bbox 848 3380 892 3440; x_wconf 88' lang='lat' dir='ltr'><strong>sq.</strong></span> <span class='ocrx_word' id='word_1_262' title='bbox 938 3363 996 3423; x_wconf 91' lang='lat' dir='ltr'><strong>Sed</strong></span> <span class='ocrx_word' id='word_1_263' title='bbox 1015 3364 1088 3422; x_wconf 89' lang='lat' dir='ltr'><strong>haec</strong></span> <span class='ocrx_word' id='word_1_264' title='bbox 1112 3362 1206 3420; x_wconf 90' lang='lat' dir='ltr'><strong>omnia</strong></span> <span class='ocrx_word' id='word_1_265' title='bbox 1228 3361 1278 3420; x_wconf 92' lang='lat' dir='ltr'><strong>du·</strong></span> 
     </span>
     <span class='ocr_line' id='line_1_30' title="bbox 172 3467 1279 3546; baseline -0.005 -16"><span class='ocrx_word' id='word_1_266' title='bbox 172 3472 247 3531; x_wconf 89' lang='lat' dir='ltr'><strong>bites</strong></span> <span class='ocrx_word' id='word_1_267' title='bbox 269 3473 387 3532; x_wconf 93' lang='lat' dir='ltr'><strong>initione</strong></span> <span class='ocrx_word' id='word_1_268' title='bbox 418 3490 452 3530; x_wconf 92' lang='lat' dir='ltr'><strong>an</strong></span> <span class='ocrx_word' id='word_1_269' title='bbox 477 3473 524 3531; x_wconf 83' lang='lat' dir='ltr'><strong>luni</strong></span> <span class='ocrx_word' id='word_1_270' title='bbox 548 3471 612 3529; x_wconf 90' lang='lat' dir='ltr'><strong>libri</strong></span> <span class='ocrx_word' id='word_1_271' title='bbox 637 3468 783 3529; x_wconf 85' lang='lat' dir='ltr'><strong>ascribas:</strong></span> <span class='ocrx_word' id='word_1_272' title='bbox 815 3467 881 3527; x_wconf 92' lang='lat' dir='ltr'><strong>olim</strong></span> <span class='ocrx_word' id='word_1_273' title='bbox 905 3479 1047 3546; x_wconf 91' lang='lat' dir='ltr'><strong>tamqnam</strong></span> <span class='ocrx_word' id='word_1_274' title='bbox 1071 3468 1192 3526; x_wconf 88' lang='lat' dir='ltr'><strong>extremi</strong></span> <span class='ocrx_word' id='word_1_275' title='bbox 1216 3485 1279 3526; x_wconf 88' lang='lat' dir='ltr'><strong>car-</strong></span> 
     </span>
     <span class='ocr_line' id='line_1_31' title="bbox 171 3574 1280 3656; baseline -0.005 -21"><span class='ocrx_word' id='word_1_276' title='bbox 171 3578 252 3636; x_wconf 90' lang='lat' dir='ltr'><strong>minis</strong></span> <span class='ocrx_word' id='word_1_277' title='bbox 274 3579 411 3656; x_wconf 91' lang='lat' dir='ltr'><strong>reliquias</strong></span> <span class='ocrx_word' id='word_1_278' title='bbox 431 3578 570 3655; x_wconf 91' lang='lat' dir='ltr'><strong>adposui:</strong></span> <span class='ocrx_word' id='word_1_279' title='bbox 602 3595 675 3635; x_wconf 89' lang='lat' dir='ltr'><strong>nuno</strong></span> <span class='ocrx_word' id='word_1_280' title='bbox 705 3576 924 3633; x_wconf 91' lang='lat' dir='ltr'><strong>conuenientius</strong></span> <span class='ocrx_word' id='word_1_281' title='bbox 948 3583 1055 3653; x_wconf 76' lang='lat' dir='ltr'><strong>poetae</strong></span> <span class='ocrx_word' id='word_1_282' title='bbox 1080 3574 1280 3634; x_wconf 89' lang='lat' dir='ltr'><strong>consuetudini</strong></span> 
     </span>
     <span class='ocr_line' id='line_1_32' title="bbox 174 3659 1078 3761; baseline -0.002 -22"><span class='ocrx_word' id='word_1_283' title='bbox 174 3682 286 3743; x_wconf 87' lang='lat' dir='ltr'><strong>uidetur</strong></span> <span class='ocrx_word' id='word_1_284' title='bbox 307 3659 468 3761; x_wconf 81' lang='lat' dir='ltr'><strong>prohoemii</strong></span> <span class='ocrx_word' id='word_1_285' title='bbox 489 3683 638 3741; x_wconf 89' lang='lat' dir='ltr'><strong>materiam</strong></span> <span class='ocrx_word' id='word_1_286' title='bbox 660 3699 698 3739; x_wconf 87' lang='lat' dir='ltr'><strong>ex</strong></span> <span class='ocrx_word' id='word_1_287' title='bbox 720 3679 764 3739; x_wconf 90' lang='lat' dir='ltr'><strong>bis</strong></span> <span class='ocrx_word' id='word_1_288' title='bbox 785 3681 914 3740; x_wconf 81' lang='lat' dir='ltr'><strong>frustulis</strong></span> <span class='ocrx_word' id='word_1_289' title='bbox 934 3681 1078 3740; x_wconf 86' lang='lat' dir='ltr'><strong>constitui.</strong></span> 
     </span>
    </p>

    <p class='ocr_par' dir='ltr' id='par_1_4' title="bbox 173 3785 1285 4268">
     <span class='ocr_line' id='line_1_33' title="bbox 256 3785 1280 3867; baseline -0.008 -19"><span class='ocrx_word' id='word_1_290' title='bbox 256 3788 386 3867; x_wconf 89' lang='lat' dir='ltr'><strong>Namque</strong></span> <span class='ocrx_word' id='word_1_291' title='bbox 403 3790 485 3867; x_wconf 85' lang='lat' dir='ltr'><strong>quasi</strong></span> <span class='ocrx_word' id='word_1_292' title='bbox 500 3804 574 3846; x_wconf 93' lang='lat' dir='ltr'><strong>nouo</strong></span> <span class='ocrx_word' id='word_1_293' title='bbox 594 3788 701 3863; x_wconf 91' lang='lat' dir='ltr'><strong>impetu</strong></span> <span class='ocrx_word' id='word_1_294' title='bbox 719 3786 753 3844; x_wconf 87' lang='lat' dir='ltr'><strong>ad</strong></span> <span class='ocrx_word' id='word_1_295' title='bbox 766 3785 966 3845; x_wconf 86' lang='lat' dir='ltr'><strong>Histricum</strong></span> <span class='ocrx_word' id='word_1_296' title='bbox 989 3786 1127 3845; x_wconf 91' lang='lat' dir='ltr'><strong>bellum</strong></span> <span class='ocrx_word' id='word_1_297' title='bbox 1146 3802 1213 3843; x_wconf 91' lang='lat' dir='ltr'><strong>sese</strong></span> <span class='ocrx_word' id='word_1_298' title='bbox 1232 3801 1280 3841; x_wconf 90' lang='lat' dir='ltr'><strong>ac·</strong></span> 
     </span>
     <span class='ocr_line' id='line_1_34' title="bbox 173 3886 1282 3971; baseline -0.008 -18"><span class='ocrx_word' id='word_1_299' title='bbox 173 3895 271 3971; x_wconf 87' lang='lat' dir='ltr'><strong>cingit.</strong></span> <span class='ocrx_word' id='word_1_300' title='bbox 317 3894 362 3953; x_wconf 85' lang='lat' dir='ltr'><strong>En</strong></span> <span class='ocrx_word' id='word_1_301' title='bbox 385 3910 422 3951; x_wconf 92' lang='lat' dir='ltr'><strong>eo</strong></span> <span class='ocrx_word' id='word_1_302' title='bbox 438 3893 521 3952; x_wconf 90' lang='lat' dir='ltr'><strong>bello</strong></span> <span class='ocrx_word' id='word_1_303' title='bbox 541 3893 650 3952; x_wconf 89' lang='lat' dir='ltr'><strong>residet</strong></span> <span class='ocrx_word' id='word_1_304' title='bbox 666 3909 750 3970; x_wconf 90' lang='lat' dir='ltr'><strong>quam</strong></span> <span class='ocrx_word' id='word_1_305' title='bbox 771 3891 879 3952; x_wconf 88' lang='lat' dir='ltr'><strong>Ennius</strong></span> <span class='ocrx_word' id='word_1_306' title='bbox 896 3893 931 3952; x_wconf 93' lang='lat' dir='ltr'><strong>ad</strong></span> <span class='ocrx_word' id='word_1_307' title='bbox 947 3891 1065 3951; x_wconf 85' lang='lat' dir='ltr'><strong>llomeri</strong></span> <span class='ocrx_word' id='word_1_308' title='bbox 1083 3889 1133 3967; x_wconf 92' lang='lat' dir='ltr'><strong>(ll.</strong></span> <span class='ocrx_word' id='word_1_309' title='bbox 1151 3892 1186 3947; x_wconf 92' lang='grc' dir='ltr'><em>Π</em></span> <span class='ocrx_word' id='word_1_310' title='bbox 1208 3886 1282 3965; x_wconf 83' lang='grc'>1112)</span> 
     </span>
     <span class='ocr_line' id='line_1_35' title="bbox 174 3996 1282 4078; baseline -0.005 -20"><span class='ocrx_word' id='word_1_311' title='bbox 174 4000 338 4078; x_wconf 86' lang='lat' dir='ltr'><strong>exemplum</strong></span> <span class='ocrx_word' id='word_1_312' title='bbox 360 3999 471 4058; x_wconf 83' lang='lat' dir='ltr'><strong>effinxit</strong></span> <span class='ocrx_word' id='word_1_313' title='bbox 494 4000 577 4057; x_wconf 92' lang='lat' dir='ltr'><strong>lortis</strong></span> <span class='ocrx_word' id='word_1_314' title='bbox 589 3996 692 4058; x_wconf 89' lang='lat' dir='ltr'><strong>tribuni</strong></span> <span class='ocrx_word' id='word_1_315' title='bbox 714 3998 860 4056; x_wconf 87' lang='lat' dir='ltr'><strong>cuiusdam</strong></span> <span class='ocrx_word' id='word_1_316' title='bbox 883 4008 983 4057; x_wconf 89' lang='lat' dir='ltr'><strong>contra</strong></span> <span class='ocrx_word' id='word_1_317' title='bbox 995 3998 1154 4056; x_wconf 90' lang='lat' dir='ltr'><strong>Histrorum</strong></span> <span class='ocrx_word' id='word_1_318' title='bbox 1170 3996 1282 4071; x_wconf 89' lang='lat' dir='ltr'><strong>inpres-</strong></span> 
     </span>
     <span class='ocr_line' id='line_1_36' title="bbox 173 4103 1283 4182; baseline -0.006 -17"><span class='ocrx_word' id='word_1_319' title='bbox 173 4108 284 4165; x_wconf 89' lang='lat' dir='ltr'><strong>sionem</strong></span> <span class='ocrx_word' id='word_1_320' title='bbox 300 4126 332 4165; x_wconf 91' lang='lat' dir='ltr'><strong>se</strong></span> <span class='ocrx_word' id='word_1_321' title='bbox 352 4105 534 4164; x_wconf 80' lang='lat' dir='ltr'><strong>defendentis</strong></span> <span class='ocrx_word' id='word_1_322' title='bbox 547 4104 706 4181; x_wconf 89' lang='lat' dir='ltr'><strong>descriptio</strong></span> <span class='ocrx_word' id='word_1_323' title='bbox 720 4103 788 4182; x_wconf 88' lang='lat' dir='ltr'><strong>(ll).</strong></span> <span class='ocrx_word' id='word_1_324' title='bbox 833 4103 878 4161; x_wconf 87' lang='lat' dir='ltr'><strong>lle</strong></span> <span class='ocrx_word' id='word_1_325' title='bbox 898 4121 931 4160; x_wconf 87' lang='lat' dir='ltr'><strong>re</strong></span> <span class='ocrx_word' id='word_1_326' title='bbox 949 4103 1094 4161; x_wconf 88' lang='lat' dir='ltr'><strong>consentit</strong></span> <span class='ocrx_word' id='word_1_327' title='bbox 1114 4119 1177 4159; x_wconf 93' lang='lat' dir='ltr'><strong>cum</strong></span> <span class='ocrx_word' id='word_1_328' title='bbox 1195 4106 1283 4178; x_wconf 73' lang='lat' dir='ltr'><strong>polita</strong></span> 
     </span>
     <span class='ocr_line' id='line_1_37' title="bbox 175 4205 1285 4268; baseline -0.001 -4"><span class='ocrx_word' id='word_1_329' title='bbox 175 4206 269 4267; x_wconf 85' lang='lat' dir='ltr'><strong>binius</strong></span> <span class='ocrx_word' id='word_1_330' title='bbox 289 4208 352 4267; x_wconf 85' lang='lat' dir='ltr'><strong>Xbl</strong></span> <span class='ocrx_word' id='word_1_331' title='bbox 374 4207 402 4265; x_wconf 86' lang='lat'><strong>2.</strong></span> <span class='ocrx_word' id='word_1_332' title='bbox 448 4206 518 4267; x_wconf 87' lang='lat' dir='ltr'><strong>Gum</strong></span> <span class='ocrx_word' id='word_1_333' title='bbox 540 4210 615 4268; x_wconf 87' lang='lat' dir='ltr'><strong>onim</strong></span> <span class='ocrx_word' id='word_1_334' title='bbox 638 4209 726 4268; x_wconf 89' lang='lat' dir='ltr'><strong>Histri</strong></span> <span class='ocrx_word' id='word_1_335' title='bbox 745 4219 840 4268; x_wconf 86' lang='lat' dir='ltr'><strong>castra</strong></span> <span class='ocrx_word' id='word_1_336' title='bbox 860 4208 988 4266; x_wconf 89' lang='lat' dir='ltr'><strong>Romana</strong></span> <span class='ocrx_word' id='word_1_337' title='bbox 1003 4208 1039 4266; x_wconf 92' lang='lat' dir='ltr'><strong>ad</strong></span> <span class='ocrx_word' id='word_1_338' title='bbox 1060 4207 1153 4265; x_wconf 88' lang='lat' dir='ltr'><strong>lacum</strong></span> <span class='ocrx_word' id='word_1_339' title='bbox 1176 4205 1285 4267; x_wconf 87' lang='lat' dir='ltr'><strong>Timaui</strong></span> 
     </span>
    </p>
   </div>
   <div class='ocr_carea' id='block_1_3' title="bbox 0 0 1474 4942">
    <p class='ocr_par' dir='ltr' id='par_1_5' title="bbox 0 0 1474 4942">
     <span class='ocr_line' id='line_1_38' title="bbox 0 0 1474 4942; baseline 0 0"><span class='ocrx_word' id='word_1_340' title='bbox 0 0 1474 4942; x_wconf 95' lang='lat' dir='ltr'><strong> </strong></span> 
     </span>
    </p>
   </div>
  </div>
 </body>
</html>
