2932 4942
588 330 832 424 analavum
1169 336 1196 374 ²
1223 347 1267 414 m

676 518 747 591 HI*

256 655 442 726 Mulierem:
477 657 555 749 quid
584 657 696 748 pdtius
719 658 824 728 dicam
852 640 909 727 aut
931 646 1167 752 uerius'quam
1188 662 1266 731 mu-

814 761 950 831 lienem?

519 1010 522 1023 Ι
645 897 651 913 ’
689 912 738 983 IV

256 1100 264 1116 .
319 1047 327 1116 '.
381 1034 408 1117 Τ
426 1022 537 1118 iiniie
553 1048 636 1119 ba'ec
653 1051 786 1121 flamma
806 1051 934 1121 oritur?

578 1185 594 1223 *
744 1212 747 1217 ·
811 1186 837 1224 ⁸*

698 1245 715 1282 *

253 1318 421 1389 'Incedunt
447 1320 622 1409 ince'dunt,
659 1326 780 1395 adsunt
798 1324 928 1394 'adsunt
951 1325 1089 1409 adsunt3
1123 1346 1175 1393 me
1197 1322 1263 1393 e'x·

835 1430 937 1497 ciunt.

579 1558 595 1595 *
819 1562 835 1598 ³t=

697 1617 714 1653 n

186 1704 226 1763 50
254 1694 318 1762 Fer
329 1693 371 1763 mi
386 1694 556 1782 auxilium,
574 1697 701 1788 pestem
715 1699 814 1791 abige
827 1721 847 1768 a
860 1722 922 1784 me,
934 1701 1166 1795 'flammiferam
1178 1699 1262 1769 hanc

641 1802 724 1891 uim,
753 1801 838 1895 quae
860 1825 912 1871 me
936 1803 1112 1893 excruciat.

252 1897 415 1969 Caeruleo
439 1899 599 1970 incinctae
623 1903 726 1996 angui
744 1896 1161 2001 incedunt,''ci1†cumstant
1187 1927 1260 1974 cum

754 2020 760 2101 J
813 2009 1004 2079 ardentibus
1023 2010 1138 2079 taedis.

577 2136 595 2176 e
818 2114 835 2176 i:

697 2196 714 2234 ὴ

357 2291 498 2361 Intendit
520 2292 657 2393 epinitds
681 2295 803 2386 Apollo
884 2379 886 2383 v

356 2396 479 2465 Arcum
500 2397 668 2481 auratum,
695 2396 775 2467 lu'na
796 2398 940 2484 innixus,

181 2504 221 2562 55
353 2498 458 2569 Diana
476 2500 580 2569 facem
599 2499 675 2569 iacit
693 2502 713 2570 a
733 2500 840 2572 laeua.

146 2703 237 2755 quotus
261 2700 385 2763 quisque,
414 2702 455 2750 cui
478 2716 547 2763 mors
572 2717 630 2750 cum
652 2702 854 2767 adpropinquet,
883 2715 934 2751 non
957 2698 1117 2764 refugiat’
1141 2716 1163 2750 e.
1189 2715 1214 2761 q.
1237 2713 1259 2747 s,

147 2761 243 2813 Nonius
262 2781 289 2830 p.
304 2770 366 2829 224,
383 2769 415 2833 16
435 2771 587 2836 ‘sanguis
672 2778 761 2821 neutro
780 2799 813 2809 -
836 2769 924 2820 Cicero
944 2769 976 2818 de
990 2766 1084 2818 finibus
1099 2769 1260 2818 bonorumet

147 2832 272 2883 malcrum
295 2836 341 2886 lib.
365 2840 402 2887 V:
434 2848 526 2902 quotus
550 2839 659 2902 quisque
684 2841 735 2889 est’
764 2858 787 2890 e.
803 2858 828 2903 q.
846 2856 867 2888 s.
902 2838 1048 2887 Priscianus
1069 2837 1105 2886 Vl
1124 2852 1151 2901 p.
1167 2835 1218 2887 708
1230 2835 1258 2884 P.

146 2901 210 2965 (lp.
226 2904 276 2953 aba
292 2904 337 2969 K.)
357 2910 470 2959 ‘ueteres
483 2908 533 2958 bac
546 2922 691 2973 sanguen
706 2910 833 2958 dixerunt.
865 2905 953 2956 Cicero
969 2907 994 2955 in
1010 2904 1160 2956 Hortensio:
1184 2904 1261 2954 ut'ait

147 2970 258 3021 Ennius:
288 2975 456 3041 refugiat'
484 2993 507 3027 e.
531 2992 555 3039 q.
577 2992 599 3025 s.
673 2977 708 3026 111
735 2977 846 3028 Rutilius
864 2976 952 3041 Lupus
974 2976 985 3023 l
1008 2973 1040 3025 12
1060 2971 1136 3039 ΜΒ
1155 2973 1258 3023 Ruhuk.

148 3040 302 3106 ‘diaphoraz
322 3043 372 3095 huc
387 3045 492 3096 schema
503 3053 555 3105 est,
576 3061 633 3094 cum
649 3046 756 3096 uerbum
775 3047 893 3096 iteratum
905 3045 983 3094 aliam
996 3045 1148 3094 senteutiam
1161 3040 1260 3108 siguifi-
1315 3082 1320 3092 .

147 3119 201 3170 cat,
222 3126 253 3161 ae
269 3112 426 3179 significauit
439 3117 523 3180 primo
537 3115 641 3164 dictum.
675 3114 756 3165 ldest
774 3113 934 3166 huiusmodi
1028 3114 1106 3162 Item
1126 3113 1260 3162 uniuer-

147 3194 214 3229 sum
233 3182 414 3241 mulierem'
440 3200 463 3234 e.
479 3201 504 3248 q.
521 3201 542 3234 s.
580 3185 657 3234 Item
676 3184 756 3234 Enni
775 3198 904 3235 uersus:
924 3182 1093 3232 mulierem
1105 3180 1258 3240 Meiuekius‚

147 3250 290 3311 quintiana
305 3269 383 3304 mauu
396 3254 461 3304 haee
478 3271 493 3305 e
513 3253 628 3322 margine
647 3253 726 3303 inlata
746 3270 803 3305 esse
821 3254 975 3319 suspicatur.
1004 3252 1184 3302 Alcumaecnis
1201 3265 1259 3300 esse

147 3318 176 3368 0.
185 3319 342 3373 Ribbeckius
351 3325 460 3374 coniecit
518 3325 554 3374 tv
567 3322 656 3373 Cicero
665 3323 745 3374 Acad.
753 3340 792 3390 pr.
800 3324 824 3374 ΙΙ
831 3323 874 3384 28,
880 3320 915 3373 89
929 3321 1024 3386 ‘quidt
1037 3323 1094 3387 ipse
1107 3321 1258 3371 Alcmaeo

146 3396 219 3449 tuus,
244 3393 296 3453 qui
317 3400 413 3459 negat
431 3409 484 3444 cor
503 3393 568 3443 sibi
588 3407 660 3441 cum
678 3394 784 3443 oculis
807 3393 1007 3452 consentire,
1030 3405 1114 3442 noune
1132 3390 1258 3441 ibidem

146 3459 307 3511 incitatus
320 3462 448 3513 furore:
466 3463 562 3523 unde'
580 3478 672 3525 e.q.s·.
691 3461 746 3529 [48]
767 3468 808 3514 ‘et
823 3463 884 3514 illa
897 3462 1065 3527 deinceps:
1088 3459 1256 3512 inceduut’

146 3544 168 3577 e.
186 3545 211 3591 q.
227 3545 248 3580 s.
267 3529 323 3598 [49]
350 3533 446 3596 ‘quid‘t
466 3549 523 3583 cum
542 3531 687 3598 uirginis
702 3533 804 3584 fidem
822 3533 982 3599 inploret:
1004 3529 1058 3596 [50.
1072 3528 1117 3597 51]
1134 3545 1195 3581 uum
1210 3529 1257 3580 du-

144 3598 226 3659 bites,
246 3602 308 3663 quin
321 3603 372 3651 sibi
384 3602 449 3653 haec
462 3602 550 3654 uidere
562 3601 700 3653 uideatur?
717 3603 829 3667 itemque
842 3610 965 3670 cetere:
984 3600 1145 3652 intendit'
1162 3617 1185 3669 e.
1197 3615 1222 3664 q.
1234 3614 1256 3649 s,

146 3666 272 3736 [bt—55]
298 3673 356 3735 ‘qui
376 3673 460 3740 magis
478 3673 542 3723 haee
559 3671 685 3735 erederet,
704 3673 728 3722 si
745 3681 845 3734 essent,
865 3669 1091 3743 quamleredebat,
1109 3671 1171 3734 quie
1184 3669 1262 3722 uiue«

144 3738 255 3789 bantur?
279 3743 468 3808 apparetenim
483 3744 534 3794 iam
551 3756 605 3792 cor
623 3757 692 3792 cum
711 3743 820 3793 oculis
838 3741 1043 3793 consentire!
1278 3756 1283 3764 ·

183 3921 219 3978 49
240 3917 407 3977 Emendaut't
422 3915 453 3974 0.
470 3915 647 3975 estuante.
662 3917 780 3974 incaede
796 3920 825 3974 in
839 3917 928 3974 caede
946 3915 1049 3972 adsunt
1064 3930 1109 3968 me
1124 3916 1256 3985 expetunt

149 3999 230 4058 Vana.
252 4003 355 4060 incede
376 4009 475 4060 assunt
497 4020 542 4058 me
557 4009 691 4075 expetunt
711 4003 773 4075 Eri.
797 4002 898 4063 incede
919 3999 1019 4057 incede
1036 3996 1138 4054 adsunt
1152 3995 1256 4052 adsunt

142 4101 187 4139 me
207 4102 252 4142 me
275 4094 410 4159 expetunt
429 4090 516 4143 ceteri
618 4094 653 4147 51
684 4090 813 4144 caeruleo
842 4087 984 4142 Columna.
1011 4082 1142 4137 caerutea
1172 4077 1253 4138 Vae.

142 4171 271 4226 caerulae
292 4171 354 4228 Erl.
377 4174 524 4228 caeruleae
545 4174 631 4228 ceteri
649 4172 714 4227 libri
798 4171 883 4242 angui
900 4167 1039 4225 Columna.
1056 4166 1115 4238 igni
1129 4165 1193 4220 libri

185 4259 220 4311 5⁵
234 4255 312 4310 iaces
325 4271 398 4313 wate
413 4255 503 4312 Occu.

226 4353 339 4410 Eunus.
1027 4342 1046 4410 7
