2932 4942
611 373 852 444 RELIQVIAE
986 398 989 403 ⁴
1227 367 1288 432 181

679 538 788 611 XLVI

276 659 402 728 Plinius
425 661 497 730 Nat.
524 659 608 730 Hist.
631 656 727 733 XVII
751 666 780 743 8,
805 666 845 730 84
873 662 923 729 ‘et
946 659 1073 730 Ennius
1093 657 1288 751 antiquissi-

173 786 247 833 mus
266 767 361 833 uates
380 764 561 834 obsidionis
578 764 698 832 samem
719 761 908 853 exprimens
932 764 977 832 ol
980 764 996 832 l
1000 785 1058 832 am
1077 761 1289 854 eripuisse

175 867 444 958 plorantibus
465 867 617 937 liberis
640 868 785 958 patres
804 866 1059 937 commemorat!

669 1001 793 1073 XLVII

278 1118 393 1191 Cicero
415 1119 456 1189 de
479 1141 515 1188 re
536 1143 568 1210 p.
588 1118 602 1189 I
624 1129 655 1206 2,
675 1129 695 1192 3
727 1121 844 1191 ‘urbes
868 1142 1008 1213 magnas
1036 1122 1135 1214 atque
1160 1119 1202 1189 in
1209 1141 1287 1211 pe-

172 1223 238 1293 rio
244 1245 329 1308 sas,
351 1225 389 1292 ut
404 1223 554 1319 adpellat
574 1223 716 1311 Ennium
739 1223 858 1295 uiculis
876 1227 909 1294 et
927 1223 1072 1293 castellis
1090 1224 1287 1314 praeferen-

173 1327 233 1396 das
250 1326 352 1418 puto!
382 1327 505 1396 urbes
525 1348 696 1419 magnas
715 1331 841 1421 atque
859 1327 1102 1420 inperiosas
1120 1331 1287 1421 tamun

172 1429 355 1502 hexametri
372 1452 494 1500 uersus
515 1430 708 1521 particulam
726 1432 833 1502 Ennio
854 1429 999 1503 Orellius
1021 1430 1133 1501 tribuit

659 1567 798 1638 XLVIII

275 1683 431 1754 Lucanus
451 1682 602 1754 Pharsal.
621 1685 653 1754 X
675 1694 737 1756 249
766 1689 944 1776 ‘commeat
965 1683 1027 1755 bac
1048 1684 1180 1776 penitus
1201 1685 1287 1754 taci-

172 1786 214 1857 tis
239 1786 445 1857 discursibus
468 1787 559 1856 unda
578 1787 718 1882 Frigore
744 1789 785 1858 ab
807 1779 933 1859 Arctoo
960 1788 1103 1859 medium
1130 1795 1287 1857 reuocata

172 1891 236 1962 sub
259 1913 373 1975 axem,
398 1889 480 1961 Cum
494 1889 651 1962 Phoebus
669 1891 792 1983 pressit
807 1894 942 1962 Meroen
961 1891 1127 1984 tellusque
1149 1894 1287 1983 perusta

172 1993 253 2064 Muc
275 1994 369 2063 duxit
388 1992 514 2086 aquas!
535 1994 666 2066 'Schol
685 1996 719 2064 in
739 1996 771 2064 h.
790 1995 811 2065 l.
835 2002 973 2089 ‘aquasz
1002 1994 1161 2064 Ennius
1185 1995 1286 2064 haec

174 2098 220 2168 de
242 2097 337 2167 Nilo
360 2096 435 2183 ait,
469 2098 580 2191 quod
605 2121 676 2191 per
704 2102 911 2169 aestatem
932 2099 997 2169 sol
1025 2100 1073 2168 ab
1097 2097 1284 2168 infcrio-

171 2201 287 2271 ribus
308 2222 451 2293 aquam
476 2222 605 2291 supra
626 2205 818 2288 reuocet,
846 2207 887 2273 et
910 2203 1006 2273 hinc
1025 2224 1073 2272 eo
1098 2203 1286 2292 tempore

171 2304 294 2374 Nilus
317 2303 548 2375 increscat!

674 2406 781 2478 XLIX

274 2523 413 2594 Seruius
431 2522 465 2593 in
480 2523 566 2594 Aen.
584 2523 598 2593 l
616 2533 675 2594 741
706 2530 803 2597 ‘sane
817 2525 914 2596 Atlas
930 2523 1092 2594 Graecum
1114 2526 1175 2607 est,
1200 2521 1285 2591 sicut

169 2631 203 2698 et
220 2628 329 2698 Nilus:
353 2650 428 2698 nam
449 2626 577 2696 Ennius
598 2626 675 2697 dicit
692 2629 825 2700 Nilum
840 2627 1041 2698 Melonem
1064 2626 1193 2709 uocari,
1216 2626 1284 2694 At-

169 2731 291 2800 lantem
317 2753 400 2800 uero
430 2730 662 2799 Telamonem?
698 2730 756 2803 Gf.
777 2731 903 2803 Paulus
930 2730 1020 2803 Festi
1045 2752 1077 2819 p.
1101 2738 1120 2798 7
1142 2727 1185 2797 Μ.
1214 2727 1284 2795 ‘al-

170 2833 252 2902 cedo
276 2833 445 2902 dicebatur
464 2833 505 2901 ab
525 2832 669 2924 antiquis
691 2857 752 2924 pro
773 2835 923 2925 alcyone,
951 2836 989 2902 ut
1009 2853 1070 2922 pro
1092 2829 1284 2920 Ganymede

170 2934 368 3019 Catamitus,
406 2956 467 3024 pro
492 2934 586 3004 Nilo
611 2934 737 3006 Melo.’
787 2937 875 3007 ldem
901 2959 933 3026 p.
954 2943 992 3006 18
1014 2935 1056 3003 M.
1085 2933 1283 3003 ‘Alumento
1325 2924 1329 2939 ’

169 3061 231 3130 pro
258 3037 485 3109 Laumedonte
515 3060 536 3107 a
568 3038 738 3109 ueteribus
769 3039 928 3111 Romanis
965 3037 1104 3107 necdum
1139 3034 1284 3106 assuetis

170 3141 316 3212 Graecae
330 3141 466 3233 linguae
479 3138 601 3210 dictum
615 3144 675 3210 est.
713 3142 769 3212 Sic
783 3143 886 3213 Melo
905 3163 978 3232 pro
995 3140 1106 3224 Nilo,
1135 3137 1283 3210 Catami-

143 3250 225 3315 tus
245 3267 306 3336 pro
325 3243 519 3336 Ganymede
605 3245 794 3317 dicebatur!
839 3245 927 3316 ldem
952 3269 983 3336 p.
1005 3251 1065 3314 124
1088 3243 1130 3313 Μ.
1159 3241 1282 3311 ‘Melo

169 3349 301 3419 nomine
324 3348 389 3418 alio
412 3347 506 3418 Nilus
529 3348 687 3419 uocatur!

709 3482 737 3553 L

271 3601 397 3671 Paulus
428 3599 517 3671 Festi
551 3610 631 3692 p.4
664 3599 706 3670 M.
747 3601 981 3685 ‘ambactos
1019 3600 1108 3692 apud
1141 3597 1283 3669 Ennium

170 3706 288 3798 lingua
323 3703 449 3777 Gallica
487 3726 607 3775 seruus
643 3703 846 3796 appellatur!
900 3705 1011 3778 Gloss.
1046 3704 1147 3776 Labb.
1185 3708 1283 3774 ‘am-

169 3810 337 3897 bactus‚
364 3810 498 3895 δοῦλος
518 3800 700 3899 μισθωτὸς
722 3800 771 3895 ὥς
786 3800 950 3896 'Forma’

623 3945 744 4031 le
858 4013 862 4021 .

267 4065 388 4135 Festus
416 4090 447 4157 p.
474 4075 534 4136 153
559 4064 601 4134 Μ.
637 4066 740 4133 ‘meta
905 4085 944 4132 ca
967 4085 987 4130 a
1009 4057 1136 4129 cariore
1164 4107 1283 4126 .......

169 4217 265 4236 ......
288 4173 491 4257 peruentum
600 4167 689 4260 quod
852 4165 962 4235 dicare
983 4163 1029 4234 ait
1048 4161 1175 4232 Ennius
1198 4212 1223 4229 ..
1246 4158 1281 4230 id
1396 4207 1402 4213 -

168 4271 221 4339 est
242 4320 470 4342 .............
489 4269 591 4341 meta’
613 4291 643 4339 c.
662 4292 694 4364 q.
712 4290 741 4340 s.
1141 4295 1144 4300 ·
1195 4270 1230 4276 ’“
