<?xml version="1.0" encoding="UTF-8"?>
<!DOCTYPE html PUBLIC "-//W3C//DTD XHTML 1.0 Transitional//EN"
    "http://www.w3.org/TR/xhtml1/DTD/xhtml1-transitional.dtd">
<html xmlns="http://www.w3.org/1999/xhtml" xml:lang="en" lang="en">
 <head>
  <title>
</title>
<meta http-equiv="Content-Type" content="text/html;charset=utf-8" />
  <meta name='ocr-system' content='tesseract 3.04.00' />
  <meta name='ocr-capabilities' content='ocr_page ocr_carea ocr_par ocr_line ocrx_word'/>
</head>
<body>
  <div class='ocr_page' id='page_1' title='image "./ennianaepoesisr00ennigoog_0247.png"; bbox 0 0 2932 4942; ppageno 0'>
   <div class='ocr_carea' id='block_1_1' title="bbox 597 366 955 428">
    <p class='ocr_par' dir='ltr' id='par_1_1' title="bbox 597 366 955 428">
     <span class='ocr_line' id='line_1_1' title="bbox 597 366 955 428; baseline 0.011 -6"><span class='ocrx_word' id='word_1_1' title='bbox 597 366 955 428; x_wconf 76' lang='lat' dir='ltr'>Tuncouulnnvu</span> 
     </span>
    </p>
   </div>
   <div class='ocr_carea' id='block_1_2' title="bbox 319 539 1101 749">
    <p class='ocr_par' dir='ltr' id='par_1_2' title="bbox 319 539 1101 749">
     <span class='ocr_line' id='line_1_2' title="bbox 757 539 791 609; baseline 0 0"><span class='ocrx_word' id='word_1_2' title='bbox 757 539 791 609; x_wconf 90' lang='lat' dir='ltr'>V</span> 
     </span>
     <span class='ocr_line' id='line_1_3' title="bbox 319 659 1101 749; baseline -0.009 -14"><span class='ocrx_word' id='word_1_3' title='bbox 319 667 437 749; x_wconf 74' lang='lat' dir='ltr'>Lebdt,</span> <span class='ocrx_word' id='word_1_4' title='bbox 460 664 615 733; x_wconf 85' lang='lat' dir='ltr'>labuntur</span> <span class='ocrx_word' id='word_1_5' title='bbox 637 663 736 746; x_wconf 68' lang='lat' dir='ltr'>sirm,</span> <span class='ocrx_word' id='word_1_6' title='bbox 760 659 948 731; x_wconf 66' lang='lat' dir='ltr'>caementati</span> <span class='ocrx_word' id='word_1_7' title='bbox 971 660 1101 729; x_wconf 83' lang='lat' dir='ltr'>cadunt.</span> 
     </span>
    </p>
   </div>
   <div class='ocr_carea' id='block_1_3' title="bbox 633 797 1058 1124">
    <p class='ocr_par' dir='ltr' id='par_1_3' title="bbox 633 797 1058 1124">
     <span class='ocr_line' id='line_1_4' title="bbox 746 797 796 867; baseline 0 0"><span class='ocrx_word' id='word_1_8' title='bbox 746 797 796 867; x_wconf 94' lang='lat' dir='ltr'>Vl</span> 
     </span>
     <span class='ocr_line' id='line_1_5' title="bbox 633 915 1058 1010; baseline -0.002 -21"><span class='ocrx_word' id='word_1_9' title='bbox 633 918 715 989; x_wconf 85' lang='lat' dir='ltr'>cae&#39;li</span> <span class='ocrx_word' id='word_1_10' title='bbox 737 917 891 1010; x_wconf 73' lang='lat' dir='ltr'>ingentes</span> <span class='ocrx_word' id='word_1_11' title='bbox 914 915 1058 988; x_wconf 80' lang='lat' dir='ltr'>fornices</span> 
     </span>
     <span class='ocr_line' id='line_1_6' title="bbox 742 1055 805 1124; baseline 0 0"><span class='ocrx_word' id='word_1_12' title='bbox 742 1055 805 1124; x_wconf 93' lang='lat' dir='ltr'>VII</span> 
     </span>
    </p>
   </div>
   <div class='ocr_carea' id='block_1_4' title="bbox 226 1174 986 1372">
    <p class='ocr_par' dir='ltr' id='par_1_4' title="bbox 226 1174 986 1372">
     <span class='ocr_line' id='line_1_7' title="bbox 317 1174 986 1267; baseline -0.006 -19"><span class='ocrx_word' id='word_1_13' title='bbox 317 1177 444 1249; x_wconf 83' lang='lat' dir='ltr'>Latona</span> <span class='ocrx_word' id='word_1_14' title='bbox 466 1175 676 1267; x_wconf 53' lang='lat' dir='ltr'>pori—ilcista</span> <span class='ocrx_word' id='word_1_15' title='bbox 698 1175 875 1265; x_wconf 82' lang='lat' dir='ltr'>complexu</span> <span class='ocrx_word' id='word_1_16' title='bbox 897 1174 986 1244; x_wconf 92' lang='lat' dir='ltr'>louis</span> 
     </span>
     <span class='ocr_line' id='line_1_8' title="bbox 226 1281 679 1372; baseline -0.007 -20"><span class='ocrx_word' id='word_1_17' title='bbox 226 1292 288 1352; x_wconf 79' lang='grc'>425</span> <span class='ocrx_word' id='word_1_18' title='bbox 315 1282 388 1351; x_wconf 89' lang='lat' dir='ltr'>Deli</span> <span class='ocrx_word' id='word_1_19' title='bbox 410 1283 492 1350; x_wconf 92' lang='lat' dir='ltr'>deos</span> <span class='ocrx_word' id='word_1_20' title='bbox 515 1281 679 1372; x_wconf 71' lang='lat' dir='ltr'>geminos</span> 
     </span>
    </p>
   </div>
   <div class='ocr_carea' id='block_1_5' title="bbox 314 1395 1247 1724">
    <p class='ocr_par' dir='ltr' id='par_1_5' title="bbox 314 1395 1247 1724">
     <span class='ocr_line' id='line_1_9' title="bbox 732 1395 808 1466; baseline 0 0"><span class='ocrx_word' id='word_1_21' title='bbox 732 1395 808 1466; x_wconf 88' lang='lat' dir='ltr'>VIII</span> 
     </span>
     <span class='ocr_line' id='line_1_10' title="bbox 314 1513 1247 1616; baseline -0.003 -28"><span class='ocrx_word' id='word_1_22' title='bbox 314 1519 433 1616; x_wconf 70' lang='lat' dir='ltr'>lligib</span> <span class='ocrx_word' id='word_1_23' title='bbox 457 1518 649 1612; x_wconf 86' lang='lat' dir='ltr'>principium</span> <span class='ocrx_word' id='word_1_24' title='bbox 673 1523 724 1589; x_wconf 89' lang='lat' dir='ltr'>est</span> <span class='ocrx_word' id='word_1_25' title='bbox 746 1517 871 1587; x_wconf 88' lang='lat' dir='ltr'>nudare</span> <span class='ocrx_word' id='word_1_26' title='bbox 894 1517 978 1586; x_wconf 85' lang='lat' dir='ltr'>iuter</span> <span class='ocrx_word' id='word_1_27' title='bbox 1000 1515 1082 1586; x_wconf 89' lang='lat' dir='ltr'>ciuis</span> <span class='ocrx_word' id='word_1_28' title='bbox 1105 1513 1247 1609; x_wconf 75' lang='lat' dir='ltr'>corpore</span> 
     </span>
     <span class='ocr_line' id='line_1_11' title="bbox 744 1655 791 1724; baseline 0 0"><span class='ocrx_word' id='word_1_29' title='bbox 744 1655 791 1724; x_wconf 89' lang='lat' dir='ltr'>lll</span> 
     </span>
    </p>
   </div>
   <div class='ocr_carea' id='block_1_6' title="bbox 315 1773 1282 1870">
    <p class='ocr_par' dir='ltr' id='par_1_6' title="bbox 315 1773 1282 1870">
     <span class='ocr_line' id='line_1_12' title="bbox 315 1773 1282 1870; baseline -0.002 -24"><span class='ocrx_word' id='word_1_30' title='bbox 315 1831 323 1846; x_wconf 90' lang='lat'><strong>.</strong></span> <span class='ocrx_word' id='word_1_31' title='bbox 378 1830 385 1845; x_wconf 88' lang='lat'>.</span> <span class='ocrx_word' id='word_1_32' title='bbox 439 1830 447 1845; x_wconf 91' lang='lat'><strong>.</strong></span> <span class='ocrx_word' id='word_1_33' title='bbox 501 1775 578 1870; x_wconf 91' lang='lat' dir='ltr'>quin</span> <span class='ocrx_word' id='word_1_34' title='bbox 602 1774 678 1846; x_wconf 90' lang='lat' dir='ltr'>iude</span> <span class='ocrx_word' id='word_1_35' title='bbox 700 1774 812 1845; x_wconf 79' lang='lat' dir='ltr'>inultis</span> <span class='ocrx_word' id='word_1_36' title='bbox 835 1773 1036 1867; x_wconf 80' lang='lat' dir='ltr'>sumpserint</span> <span class='ocrx_word' id='word_1_37' title='bbox 1057 1773 1282 1865; x_wconf 76' lang='lat' dir='ltr'>perduellibus</span> 
     </span>
    </p>
   </div>
   <div class='ocr_carea' id='block_1_7' title="bbox 313 2028 1018 2142">
    <p class='ocr_par' dir='ltr' id='par_1_7' title="bbox 313 2028 1018 2142">
     <span class='ocr_line' id='line_1_13' title="bbox 313 2028 1018 2142; baseline -0.006 -40"><span class='ocrx_word' id='word_1_38' title='bbox 313 2031 450 2102; x_wconf 83' lang='lat' dir='ltr'>Amicus</span> <span class='ocrx_word' id='word_1_39' title='bbox 472 2036 583 2102; x_wconf 88' lang='lat' dir='ltr'>certus</span> <span class='ocrx_word' id='word_1_40' title='bbox 607 2034 639 2102; x_wconf 90' lang='lat' dir='ltr'>1&#39;u</span> <span class='ocrx_word' id='word_1_41' title='bbox 662 2055 698 2102; x_wconf 89' lang='lat' dir='ltr'>rc</span> <span class='ocrx_word' id='word_1_42' title='bbox 719 2032 843 2102; x_wconf 83' lang='lat' dir='ltr'>incerta</span> <span class='ocrx_word' id='word_1_43' title='bbox 862 2028 1018 2142; x_wconf 78' lang='lat' dir='ltr'>cernitur.</span> 
     </span>
    </p>
   </div>
   <div class='ocr_carea' id='block_1_8' title="bbox 200 2275 1324 3668">
    <p class='ocr_par' dir='ltr' id='par_1_8' title="bbox 203 2275 1324 3112">
     <span class='ocr_line' id='line_1_14' title="bbox 208 2275 1324 2349; baseline 0 -17"><span class='ocrx_word' id='word_1_44' title='bbox 208 2298 273 2332; x_wconf 85' lang='lat' dir='ltr'>uase</span> <span class='ocrx_word' id='word_1_45' title='bbox 292 2281 394 2330; x_wconf 83' lang='lat' dir='ltr'>misisse</span> <span class='ocrx_word' id='word_1_46' title='bbox 411 2282 481 2331; x_wconf 86' lang='lat' dir='ltr'>niunt</span> <span class='ocrx_word' id='word_1_47' title='bbox 499 2281 625 2344; x_wconf 82' lang='lat' dir='ltr'>quondam</span> <span class='ocrx_word' id='word_1_48' title='bbox 644 2283 670 2331; x_wconf 90' lang='lat' dir='ltr'>iu</span> <span class='ocrx_word' id='word_1_49' title='bbox 685 2285 811 2349; x_wconf 84' lang='lat' dir='ltr'>gremium</span> <span class='ocrx_word' id='word_1_50' title='bbox 825 2280 932 2331; x_wconf 86' lang='lat' dir='ltr'>imbrem</span> <span class='ocrx_word' id='word_1_51' title='bbox 945 2294 1058 2331; x_wconf 86' lang='lat' dir='ltr'>aureum.</span> <span class='ocrx_word' id='word_1_52' title='bbox 1075 2275 1080 2346; x_wconf 90' lang='grc' dir='ltr'>Ι</span> <span class='ocrx_word' id='word_1_53' title='bbox 1096 2279 1204 2345; x_wconf 74' lang='lat' dir='ltr'>Egomet</span> <span class='ocrx_word' id='word_1_54' title='bbox 1220 2295 1324 2345; x_wconf 84' lang='lat' dir='ltr'>quoque</span> 
     </span>
     <span class='ocr_line' id='line_1_15' title="bbox 209 2346 1324 2417; baseline -0.003 -15"><span class='ocrx_word' id='word_1_55' title='bbox 209 2353 236 2402; x_wconf 95' lang='lat' dir='ltr'>id</span> <span class='ocrx_word' id='word_1_56' title='bbox 254 2359 370 2416; x_wconf 83' lang='lat' dir='ltr'>spectare</span> <span class='ocrx_word' id='word_1_57' title='bbox 387 2352 474 2416; x_wconf 87' lang='lat' dir='ltr'>coepi:</span> <span class='ocrx_word' id='word_1_58' title='bbox 502 2359 526 2400; x_wconf 91' lang='lat' dir='ltr'>et</span> <span class='ocrx_word' id='word_1_59' title='bbox 550 2352 611 2414; x_wconf 84' lang='lat' dir='ltr'>quia</span> <span class='ocrx_word' id='word_1_60' title='bbox 628 2352 787 2402; x_wconf 84' lang='lat' dir='ltr'>consimilem</span> <span class='ocrx_word' id='word_1_61' title='bbox 807 2352 902 2402; x_wconf 88' lang='lat' dir='ltr'>luserat</span> <span class='ocrx_word' id='word_1_62' title='bbox 922 2347 926 2417; x_wconf 75' lang='lat' dir='ltr'>l</span> <span class='ocrx_word' id='word_1_63' title='bbox 947 2351 1001 2400; x_wconf 81' lang='lat' dir='ltr'>lnnr</span> <span class='ocrx_word' id='word_1_64' title='bbox 1020 2348 1081 2401; x_wconf 89' lang='lat' dir='ltr'>olim</span> <span class='ocrx_word' id='word_1_65' title='bbox 1099 2346 1143 2398; x_wconf 84' lang='lat' dir='ltr'>Ille</span> <span class='ocrx_word' id='word_1_66' title='bbox 1160 2349 1264 2409; x_wconf 88' lang='lat' dir='ltr'>ludum,</span> <span class='ocrx_word' id='word_1_67' title='bbox 1284 2354 1324 2401; x_wconf 92' lang='lat' dir='ltr'>in-</span> 
     </span>
     <span class='ocr_line' id='line_1_16' title="bbox 207 2419 1323 2489; baseline 0.001 -19"><span class='ocrx_word' id='word_1_68' title='bbox 207 2421 303 2487; x_wconf 88' lang='lat' dir='ltr'>pendio</span> <span class='ocrx_word' id='word_1_69' title='bbox 318 2420 402 2485; x_wconf 81' lang='lat' dir='ltr'>magis</span> <span class='ocrx_word' id='word_1_70' title='bbox 421 2422 522 2470; x_wconf 84' lang='lat' dir='ltr'>animus</span> <span class='ocrx_word' id='word_1_71' title='bbox 544 2420 673 2486; x_wconf 80' lang='lat' dir='ltr'>gaudebat</span> <span class='ocrx_word' id='word_1_72' title='bbox 690 2421 768 2481; x_wconf 87' lang='lat' dir='ltr'>mth;</span> <span class='ocrx_word' id='word_1_73' title='bbox 788 2419 794 2489; x_wconf 84' lang='grc' dir='ltr'>Ι</span> <span class='ocrx_word' id='word_1_74' title='bbox 816 2422 896 2471; x_wconf 88' lang='lat' dir='ltr'>Deum</span> <span class='ocrx_word' id='word_1_75' title='bbox 920 2435 977 2470; x_wconf 86' lang='lat' dir='ltr'>sese</span> <span class='ocrx_word' id='word_1_76' title='bbox 995 2421 1021 2468; x_wconf 92' lang='lat' dir='ltr'>iu</span> <span class='ocrx_word' id='word_1_77' title='bbox 1038 2420 1149 2485; x_wconf 90' lang='lat' dir='ltr'>pretium</span> <span class='ocrx_word' id='word_1_78' title='bbox 1165 2422 1323 2471; x_wconf 85' lang='lat' dir='ltr'>conuertisse</span> 
     </span>
     <span class='ocr_line' id='line_1_17' title="bbox 208 2488 1323 2556; baseline 0 -15"><span class='ocrx_word' id='word_1_79' title='bbox 208 2498 233 2541; x_wconf 91' lang='lat' dir='ltr'>et</span> <span class='ocrx_word' id='word_1_80' title='bbox 254 2506 300 2556; x_wconf 91' lang='lat' dir='ltr'>per</span> <span class='ocrx_word' id='word_1_81' title='bbox 325 2490 422 2540; x_wconf 83' lang='lat' dir='ltr'>alleuas</span> <span class='ocrx_word' id='word_1_82' title='bbox 447 2489 547 2555; x_wconf 82' lang='lat' dir='ltr'>tegulas</span> <span class='ocrx_word' id='word_1_83' title='bbox 574 2488 579 2555; x_wconf 92' lang='grc' dir='ltr'>Ι</span> <span class='ocrx_word' id='word_1_84' title='bbox 603 2490 713 2541; x_wconf 89' lang='lat' dir='ltr'>Venisse</span> <span class='ocrx_word' id='word_1_85' title='bbox 735 2491 891 2541; x_wconf 80' lang='lat' dir='ltr'>clanculum:</span> <span class='ocrx_word' id='word_1_86' title='bbox 915 2505 962 2556; x_wconf 88' lang='lat' dir='ltr'>per</span> <span class='ocrx_word' id='word_1_87' title='bbox 982 2490 1098 2556; x_wconf 79' lang='lat' dir='ltr'>planiam</span> <span class='ocrx_word' id='word_1_88' title='bbox 1121 2488 1208 2538; x_wconf 84' lang='lat' dir='ltr'>fucum</span> <span class='ocrx_word' id='word_1_89' title='bbox 1225 2488 1323 2541; x_wconf 82' lang='lat' dir='ltr'>iactum</span> 
     </span>
     <span class='ocr_line' id='line_1_18' title="bbox 207 2555 1323 2627; baseline 0 -17"><span class='ocrx_word' id='word_1_90' title='bbox 207 2560 316 2610; x_wconf 90' lang='lat' dir='ltr'>mulieri.</span> <span class='ocrx_word' id='word_1_91' title='bbox 337 2555 341 2626; x_wconf 72' lang='lat' dir='ltr'>l</span> <span class='ocrx_word' id='word_1_92' title='bbox 363 2560 396 2608; x_wconf 82' lang='lat' dir='ltr'>At</span> <span class='ocrx_word' id='word_1_93' title='bbox 414 2575 489 2622; x_wconf 89' lang='lat' dir='ltr'>quem</span> <span class='ocrx_word' id='word_1_94' title='bbox 508 2560 601 2609; x_wconf 82' lang='lat' dir='ltr'>deum?</span> <span class='ocrx_word' id='word_1_95' title='bbox 621 2562 672 2622; x_wconf 92' lang='lat' dir='ltr'>qui</span> <span class='ocrx_word' id='word_1_96' title='bbox 690 2561 825 2627; x_wconf 85' lang='lat' dir='ltr'>templa’</span> <span class='ocrx_word' id='word_1_97' title='bbox 846 2577 869 2613; x_wconf 90' lang='lat' dir='ltr'>e.</span> <span class='ocrx_word' id='word_1_98' title='bbox 887 2577 911 2624; x_wconf 90' lang='lat' dir='ltr'>q.</span> <span class='ocrx_word' id='word_1_99' title='bbox 931 2576 952 2610; x_wconf 88' lang='lat' dir='ltr'>s.</span> <span class='ocrx_word' id='word_1_100' title='bbox 991 2560 1104 2610; x_wconf 79' lang='lat' dir='ltr'><strong>Donatus</strong></span> <span class='ocrx_word' id='word_1_101' title='bbox 1123 2559 1149 2607; x_wconf 94' lang='lat' dir='ltr'>iu</span> <span class='ocrx_word' id='word_1_102' title='bbox 1167 2558 1194 2611; x_wconf 90' lang='lat' dir='ltr'>h.</span> <span class='ocrx_word' id='word_1_103' title='bbox 1216 2558 1233 2608; x_wconf 92' lang='lat' dir='ltr'>l.</span> <span class='ocrx_word' id='word_1_104' title='bbox 1252 2563 1323 2610; x_wconf 89' lang='lat' dir='ltr'>‘so-</span> 
     </span>
     <span class='ocr_line' id='line_1_19' title="bbox 206 2625 1320 2697; baseline 0.002 -19"><span class='ocrx_word' id='word_1_105' title='bbox 206 2631 274 2679; x_wconf 90' lang='lat' dir='ltr'>uitu</span> <span class='ocrx_word' id='word_1_106' title='bbox 292 2630 451 2679; x_wconf 83' lang='lat' dir='ltr'>concutit:</span> <span class='ocrx_word' id='word_1_107' title='bbox 477 2625 609 2695; x_wconf 76' lang='grc' dir='ltr'><em>παρῳδιά</em></span> <span class='ocrx_word' id='word_1_108' title='bbox 628 2629 660 2679; x_wconf 91' lang='lat' dir='ltr'>de</span> <span class='ocrx_word' id='word_1_109' title='bbox 678 2631 768 2681; x_wconf 86' lang='lat' dir='ltr'>Ennio.</span> <span class='ocrx_word' id='word_1_110' title='bbox 804 2630 926 2697; x_wconf 84' lang='lat' dir='ltr'>templa</span> <span class='ocrx_word' id='word_1_111' title='bbox 944 2629 1044 2679; x_wconf 81' lang='lat' dir='ltr'>caeli:</span> <span class='ocrx_word' id='word_1_112' title='bbox 1071 2627 1320 2696; x_wconf 77' lang='lat' dir='ltr'>sententintregica‚</span> 
     </span>
     <span class='ocr_line' id='line_1_20' title="bbox 206 2694 1316 2765; baseline 0.001 -16"><span class='ocrx_word' id='word_1_113' title='bbox 206 2699 459 2751; x_wconf 79' lang='lat' dir='ltr'>seddeindusrrio.</span> <span class='ocrx_word' id='word_1_114' title='bbox 478 2700 648 2750; x_wconf 73' lang='lat' dir='ltr'>uouemere·</span> <span class='ocrx_word' id='word_1_115' title='bbox 720 2701 743 2749; x_wconf 88' lang='lat' dir='ltr'>V</span> <span class='ocrx_word' id='word_1_116' title='bbox 768 2699 864 2749; x_wconf 88' lang='lat' dir='ltr'>Nonius</span> <span class='ocrx_word' id='word_1_117' title='bbox 883 2716 909 2765; x_wconf 92' lang='lat' dir='ltr'>p.</span> <span class='ocrx_word' id='word_1_118' title='bbox 931 2699 997 2756; x_wconf 84' lang='grc'><strong>196,</strong></span> <span class='ocrx_word' id='word_1_119' title='bbox 1017 2698 1051 2749; x_wconf 88' lang='grc'>30</span> <span class='ocrx_word' id='word_1_120' title='bbox 1076 2694 1316 2750; x_wconf 75' lang='lat' dir='ltr'>‘caementa...</span> 
     </span>
     <span class='ocr_line' id='line_1_21' title="bbox 204 2767 1320 2832; baseline 0 -13"><span class='ocrx_word' id='word_1_121' title='bbox 204 2769 322 2819; x_wconf 85' lang='lat' dir='ltr'>femiuiui</span> <span class='ocrx_word' id='word_1_122' title='bbox 343 2770 448 2819; x_wconf 81' lang='lat' dir='ltr'>Ennius:</span> <span class='ocrx_word' id='word_1_123' title='bbox 467 2768 547 2818; x_wconf 70' lang='lat' dir='ltr'>labat*</span> <span class='ocrx_word' id='word_1_124' title='bbox 568 2785 591 2823; x_wconf 83' lang='lat' dir='ltr'>e,</span> <span class='ocrx_word' id='word_1_125' title='bbox 611 2785 635 2832; x_wconf 90' lang='lat' dir='ltr'>q.</span> <span class='ocrx_word' id='word_1_126' title='bbox 656 2784 677 2818; x_wconf 88' lang='lat' dir='ltr'>s.</span> <span class='ocrx_word' id='word_1_127' title='bbox 748 2770 783 2818; x_wconf 92' lang='lat' dir='ltr'>Vl</span> <span class='ocrx_word' id='word_1_128' title='bbox 799 2769 881 2820; x_wconf 86' lang='lat' dir='ltr'>Varro</span> <span class='ocrx_word' id='word_1_129' title='bbox 907 2770 938 2819; x_wconf 92' lang='lat' dir='ltr'>de</span> <span class='ocrx_word' id='word_1_130' title='bbox 956 2769 985 2817; x_wconf 87' lang='lat' dir='ltr'>L.</span> <span class='ocrx_word' id='word_1_131' title='bbox 1004 2768 1034 2820; x_wconf 87' lang='lat' dir='ltr'>L.</span> <span class='ocrx_word' id='word_1_132' title='bbox 1056 2768 1078 2817; x_wconf 97' lang='lat' dir='ltr'>V</span> <span class='ocrx_word' id='word_1_133' title='bbox 1098 2767 1130 2818; x_wconf 83' lang='lat'>19</span> <span class='ocrx_word' id='word_1_134' title='bbox 1148 2767 1182 2817; x_wconf 90' lang='grc' dir='ltr'>Μ.</span> <span class='ocrx_word' id='word_1_135' title='bbox 1208 2780 1237 2819; x_wconf 83' lang='lat' dir='ltr'>&#39;n</span> <span class='ocrx_word' id='word_1_136' title='bbox 1254 2769 1320 2820; x_wconf 85' lang='lat' dir='ltr'>chao</span> 
     </span>
     <span class='ocr_line' id='line_1_22' title="bbox 205 2837 1318 2898; baseline -0.001 -9"><span class='ocrx_word' id='word_1_137' title='bbox 205 2838 312 2898; x_wconf 91' lang='lat' dir='ltr'>choum,</span> <span class='ocrx_word' id='word_1_138' title='bbox 336 2837 396 2887; x_wconf 91' lang='lat' dir='ltr'>hinc</span> <span class='ocrx_word' id='word_1_139' title='bbox 419 2854 510 2887; x_wconf 87' lang='lat' dir='ltr'>cauum</span> <span class='ocrx_word' id='word_1_140' title='bbox 529 2846 552 2888; x_wconf 92' lang='lat' dir='ltr'>et</span> <span class='ocrx_word' id='word_1_141' title='bbox 570 2838 629 2888; x_wconf 87' lang='lat' dir='ltr'>hinc</span> <span class='ocrx_word' id='word_1_142' title='bbox 654 2839 776 2888; x_wconf 82' lang='lat' dir='ltr'>caelum</span> <span class='ocrx_word' id='word_1_143' title='bbox 853 2846 877 2888; x_wconf 87' lang='lat' dir='ltr'>et</span> <span class='ocrx_word' id='word_1_144' title='bbox 895 2839 992 2888; x_wconf 86' lang='lat' dir='ltr'>Ennius</span> <span class='ocrx_word' id='word_1_145' title='bbox 1010 2839 1070 2887; x_wconf 92' lang='lat' dir='ltr'>item</span> <span class='ocrx_word' id='word_1_146' title='bbox 1094 2838 1126 2887; x_wconf 82' lang='lat' dir='ltr'>ad</span> <span class='ocrx_word' id='word_1_147' title='bbox 1145 2838 1318 2890; x_wconf 77' lang='lat' dir='ltr'>occationem:</span> 
     </span>
     <span class='ocr_line' id='line_1_23' title="bbox 204 2906 1320 2974; baseline 0.001 -16"><span class='ocrx_word' id='word_1_148' title='bbox 204 2908 270 2958; x_wconf 78' lang='lat' dir='ltr'>caeli</span> <span class='ocrx_word' id='word_1_149' title='bbox 284 2911 300 2959; x_wconf 92' lang='lat' dir='ltr'>i.</span> <span class='ocrx_word' id='word_1_150' title='bbox 314 2907 343 2957; x_wconf 73' lang='lat' dir='ltr'>f:</span> <span class='ocrx_word' id='word_1_151' title='bbox 378 2906 466 2959; x_wconf 82' lang='lat' dir='ltr'>Cicero</span> <span class='ocrx_word' id='word_1_152' title='bbox 483 2908 514 2957; x_wconf 91' lang='lat' dir='ltr'>de</span> <span class='ocrx_word' id='word_1_153' title='bbox 530 2915 593 2959; x_wconf 86' lang='lat' dir='ltr'>ornt.</span> <span class='ocrx_word' id='word_1_154' title='bbox 608 2909 640 2957; x_wconf 94' lang='lat' dir='ltr'>lll</span> <span class='ocrx_word' id='word_1_155' title='bbox 651 2908 700 2968; x_wconf 83' lang='lat' dir='ltr'>to,</span> <span class='ocrx_word' id='word_1_156' title='bbox 717 2909 764 2959; x_wconf 82' lang='grc'>162</span> <span class='ocrx_word' id='word_1_157' title='bbox 783 2910 848 2972; x_wconf 88' lang='lat' dir='ltr'>‘quo</span> <span class='ocrx_word' id='word_1_158' title='bbox 862 2911 888 2957; x_wconf 93' lang='lat' dir='ltr'>iu</span> <span class='ocrx_word' id='word_1_159' title='bbox 900 2923 993 2974; x_wconf 83' lang='lat' dir='ltr'>genere</span> <span class='ocrx_word' id='word_1_160' title='bbox 1011 2909 1122 2972; x_wconf 88' lang='lat' dir='ltr'>primum</span> <span class='ocrx_word' id='word_1_161' title='bbox 1139 2914 1178 2957; x_wconf 91' lang='lat' dir='ltr'>est</span> <span class='ocrx_word' id='word_1_162' title='bbox 1195 2906 1320 2973; x_wconf 83' lang='lat' dir='ltr'>fugienda</span> 
     </span>
     <span class='ocr_line' id='line_1_24' title="bbox 204 2977 1319 3043; baseline 0.001 -15"><span class='ocrx_word' id='word_1_163' title='bbox 204 2978 400 3028; x_wconf 82' lang='lat' dir='ltr'>dissimilitudo:</span> <span class='ocrx_word' id='word_1_164' title='bbox 420 2977 485 3026; x_wconf 84' lang='lat' dir='ltr'>caeli</span> <span class='ocrx_word' id='word_1_165' title='bbox 496 2978 514 3030; x_wconf 88' lang='lat' dir='ltr'>i.</span> <span class='ocrx_word' id='word_1_166' title='bbox 531 2977 551 3029; x_wconf 84' lang='lat' dir='ltr'>f.</span> <span class='ocrx_word' id='word_1_167' title='bbox 589 2977 711 3036; x_wconf 83' lang='lat' dir='ltr'>Quamuis</span> <span class='ocrx_word' id='word_1_168' title='bbox 725 2977 862 3043; x_wconf 79' lang='lat' dir='ltr'>sphaeram</span> <span class='ocrx_word' id='word_1_169' title='bbox 880 2979 906 3026; x_wconf 92' lang='lat' dir='ltr'>iu</span> <span class='ocrx_word' id='word_1_170' title='bbox 924 2992 1025 3027; x_wconf 81' lang='lat' dir='ltr'>scenam</span> <span class='ocrx_word' id='word_1_171' title='bbox 1048 2977 1088 3041; x_wconf 85' lang='lat' dir='ltr'>(ut</span> <span class='ocrx_word' id='word_1_172' title='bbox 1103 2977 1208 3040; x_wconf 83' lang='lat' dir='ltr'>dicitur]</span> <span class='ocrx_word' id='word_1_173' title='bbox 1227 2979 1319 3029; x_wconf 85' lang='lat' dir='ltr'>attule-</span> 
     </span>
     <span class='ocr_line' id='line_1_25' title="bbox 203 3047 1282 3112; baseline 0.002 -16"><span class='ocrx_word' id='word_1_174' title='bbox 203 3049 235 3097; x_wconf 88' lang='lat' dir='ltr'>rit</span> <span class='ocrx_word' id='word_1_175' title='bbox 258 3048 368 3099; x_wconf 87' lang='lat' dir='ltr'>Eunius.</span> <span class='ocrx_word' id='word_1_176' title='bbox 393 3055 477 3096; x_wconf 81' lang='lat' dir='ltr'>tamen</span> <span class='ocrx_word' id='word_1_177' title='bbox 501 3048 528 3095; x_wconf 92' lang='lat' dir='ltr'>in</span> <span class='ocrx_word' id='word_1_178' title='bbox 550 3047 661 3112; x_wconf 83' lang='lat' dir='ltr'>sphaera</span> <span class='ocrx_word' id='word_1_179' title='bbox 685 3048 790 3097; x_wconf 76' lang='lat' dir='ltr'>Fornicis</span> <span class='ocrx_word' id='word_1_180' title='bbox 815 3047 957 3098; x_wconf 88' lang='lat' dir='ltr'>similitudo</span> <span class='ocrx_word' id='word_1_181' title='bbox 984 3062 1034 3098; x_wconf 92' lang='lat' dir='ltr'>uon</span> <span class='ocrx_word' id='word_1_182' title='bbox 1062 3054 1146 3112; x_wconf 86' lang='lat' dir='ltr'>potest</span> <span class='ocrx_word' id='word_1_183' title='bbox 1177 3048 1282 3100; x_wconf 63' lang='lat' dir='ltr'>inesse!</span> 
     </span>
    </p>

    <p class='ocr_par' dir='ltr' id='par_1_9' title="bbox 200 3114 1319 3668">
     <span class='ocr_line' id='line_1_26' title="bbox 238 3114 1318 3182; baseline 0.004 -17"><span class='ocrx_word' id='word_1_184' title='bbox 238 3118 285 3166; x_wconf 93' lang='lat' dir='ltr'>VII</span> <span class='ocrx_word' id='word_1_185' title='bbox 303 3118 384 3167; x_wconf 82' lang='lat' dir='ltr'>Varro</span> <span class='ocrx_word' id='word_1_186' title='bbox 404 3117 435 3166; x_wconf 88' lang='lat' dir='ltr'>de</span> <span class='ocrx_word' id='word_1_187' title='bbox 453 3116 483 3166; x_wconf 91' lang='lat' dir='ltr'>L.</span> <span class='ocrx_word' id='word_1_188' title='bbox 504 3116 533 3169; x_wconf 90' lang='lat' dir='ltr'>L.</span> <span class='ocrx_word' id='word_1_189' title='bbox 551 3118 599 3166; x_wconf 92' lang='lat' dir='ltr'>VII</span> <span class='ocrx_word' id='word_1_190' title='bbox 625 3117 658 3167; x_wconf 83' lang='lat'>16</span> <span class='ocrx_word' id='word_1_191' title='bbox 676 3116 710 3166; x_wconf 85' lang='lat' dir='ltr'>M.</span> <span class='ocrx_word' id='word_1_192' title='bbox 748 3118 859 3167; x_wconf 81' lang='lat' dir='ltr'>‘Ennius</span> <span class='ocrx_word' id='word_1_193' title='bbox 883 3115 962 3182; x_wconf 87' lang='lat' dir='ltr'>[Med.</span> <span class='ocrx_word' id='word_1_194' title='bbox 988 3115 1020 3169; x_wconf 84' lang='lat' dir='ltr'>ir.</span> <span class='ocrx_word' id='word_1_195' title='bbox 1039 3114 1135 3182; x_wconf 84' lang='lat' dir='ltr'>XVIII]</span> <span class='ocrx_word' id='word_1_196' title='bbox 1217 3118 1318 3170; x_wconf 82' lang='lat' dir='ltr'>Titanis</span> 
     </span>
     <span class='ocr_line' id='line_1_27' title="bbox 203 3185 1319 3251; baseline 0.002 -15"><span class='ocrx_word' id='word_1_197' title='bbox 203 3186 284 3247; x_wconf 85' lang='lat' dir='ltr'>dicta,</span> <span class='ocrx_word' id='word_1_198' title='bbox 305 3187 373 3249; x_wconf 91' lang='lat' dir='ltr'>quod</span> <span class='ocrx_word' id='word_1_199' title='bbox 392 3201 448 3235; x_wconf 86' lang='lat' dir='ltr'>enm</span> <span class='ocrx_word' id='word_1_200' title='bbox 466 3187 554 3251; x_wconf 84' lang='lat' dir='ltr'>genuit</span> <span class='ocrx_word' id='word_1_201' title='bbox 572 3187 670 3237; x_wconf 80' lang='lat' dir='ltr'>Titanis</span> <span class='ocrx_word' id='word_1_202' title='bbox 687 3187 760 3237; x_wconf 83' lang='lat' dir='ltr'>Lato.</span> <span class='ocrx_word' id='word_1_203' title='bbox 796 3186 859 3236; x_wconf 87' lang='lat' dir='ltr'>Lato</span> <span class='ocrx_word' id='word_1_204' title='bbox 876 3187 958 3248; x_wconf 89' lang='lat' dir='ltr'>euim,</span> <span class='ocrx_word' id='word_1_205' title='bbox 977 3194 1004 3235; x_wconf 91' lang='lat' dir='ltr'>ut</span> <span class='ocrx_word' id='word_1_206' title='bbox 1022 3186 1111 3236; x_wconf 87' lang='lat' dir='ltr'>scribit</span> <span class='ocrx_word' id='word_1_207' title='bbox 1124 3185 1258 3247; x_wconf 87' lang='lat' dir='ltr'>Manilius,</span> <span class='ocrx_word' id='word_1_208' title='bbox 1278 3197 1319 3238; x_wconf 92' lang='lat' dir='ltr'>est</span> 
     </span>
     <span class='ocr_line' id='line_1_28' title="bbox 203 3254 1316 3321; baseline 0 -14"><span class='ocrx_word' id='word_1_209' title='bbox 203 3254 269 3307; x_wconf 83' lang='lat' dir='ltr'>Gneo</span> <span class='ocrx_word' id='word_1_210' title='bbox 281 3263 366 3305; x_wconf 83' lang='lat' dir='ltr'>creata</span> <span class='ocrx_word' id='word_1_211' title='bbox 379 3256 486 3305; x_wconf 85' lang='lat' dir='ltr'>Titanis.</span> <span class='ocrx_word' id='word_1_212' title='bbox 523 3256 565 3303; x_wconf 87' lang='lat' dir='ltr'>Vt</span> <span class='ocrx_word' id='word_1_213' title='bbox 578 3256 661 3305; x_wconf 88' lang='lat' dir='ltr'>idem</span> <span class='ocrx_word' id='word_1_214' title='bbox 678 3256 780 3307; x_wconf 84' lang='lat' dir='ltr'>scribit:</span> <span class='ocrx_word' id='word_1_215' title='bbox 808 3257 918 3306; x_wconf 85' lang='lat' dir='ltr'>Lntona’</span> <span class='ocrx_word' id='word_1_216' title='bbox 937 3271 959 3304; x_wconf 92' lang='lat' dir='ltr'>e.</span> <span class='ocrx_word' id='word_1_217' title='bbox 973 3272 997 3319; x_wconf 89' lang='lat' dir='ltr'>q.</span> <span class='ocrx_word' id='word_1_218' title='bbox 1014 3271 1035 3304; x_wconf 89' lang='lat' dir='ltr'>s.</span> <span class='ocrx_word' id='word_1_219' title='bbox 1058 3255 1099 3305; x_wconf 92' lang='lat' dir='ltr'>‘id</span> <span class='ocrx_word' id='word_1_220' title='bbox 1117 3263 1156 3305; x_wconf 90' lang='lat' dir='ltr'>est</span> <span class='ocrx_word' id='word_1_221' title='bbox 1169 3256 1316 3321; x_wconf 78' lang='lat' dir='ltr'>Apollinem</span> 
     </span>
     <span class='ocr_line' id='line_1_29' title="bbox 202 3324 1317 3378; baseline 0.002 -4"><span class='ocrx_word' id='word_1_222' title='bbox 202 3333 227 3374; x_wconf 91' lang='lat' dir='ltr'>et</span> <span class='ocrx_word' id='word_1_223' title='bbox 242 3326 369 3374; x_wconf 87' lang='lat' dir='ltr'>Dianam.’</span> <span class='ocrx_word' id='word_1_224' title='bbox 398 3324 440 3373; x_wconf 83' lang='lat' dir='ltr'>Ad</span> <span class='ocrx_word' id='word_1_225' title='bbox 451 3324 558 3373; x_wconf 82' lang='lat' dir='ltr'>Ennium</span> <span class='ocrx_word' id='word_1_226' title='bbox 574 3325 616 3376; x_wconf 94' lang='lat' dir='ltr'>his</span> <span class='ocrx_word' id='word_1_227' title='bbox 629 3326 715 3376; x_wconf 89' lang='lat' dir='ltr'>uerbis</span> <span class='ocrx_word' id='word_1_228' title='bbox 728 3335 760 3374; x_wconf 90' lang='lat' dir='ltr'>nt</span> <span class='ocrx_word' id='word_1_229' title='bbox 776 3325 859 3376; x_wconf 91' lang='lat' dir='ltr'>idem</span> <span class='ocrx_word' id='word_1_230' title='bbox 873 3325 957 3374; x_wconf 92' lang='lat' dir='ltr'>redire</span> <span class='ocrx_word' id='word_1_231' title='bbox 967 3326 1108 3375; x_wconf 83' lang='lat' dir='ltr'>Varronem</span> <span class='ocrx_word' id='word_1_232' title='bbox 1118 3325 1148 3378; x_wconf 87' lang='grc' dir='ltr'>Ο.</span> <span class='ocrx_word' id='word_1_233' title='bbox 1159 3326 1317 3377; x_wconf 83' lang='lat' dir='ltr'>Ribbeckius</span> 
     </span>
     <span class='ocr_line' id='line_1_30' title="bbox 200 3394 1316 3461; baseline 0.004 -20"><span class='ocrx_word' id='word_1_234' title='bbox 200 3395 335 3460; x_wconf 80' lang='lat' dir='ltr'>perspexit</span> <span class='ocrx_word' id='word_1_235' title='bbox 349 3394 415 3443; x_wconf 87' lang='lat' dir='ltr'>coni.</span> <span class='ocrx_word' id='word_1_236' title='bbox 431 3396 504 3444; x_wconf 87' lang='lat' dir='ltr'>Varr.</span> <span class='ocrx_word' id='word_1_237' title='bbox 520 3395 610 3445; x_wconf 73' lang='lat' dir='ltr'>vuoo</span> <span class='ocrx_word' id='word_1_238' title='bbox 620 3395 653 3444; x_wconf 91' lang='lat' dir='ltr'>M.</span> <span class='ocrx_word' id='word_1_239' title='bbox 725 3396 784 3444; x_wconf 91' lang='lat' dir='ltr'>Vlll</span> <span class='ocrx_word' id='word_1_240' title='bbox 797 3395 885 3447; x_wconf 81' lang='lat' dir='ltr'>cicero</span> <span class='ocrx_word' id='word_1_241' title='bbox 899 3395 976 3444; x_wconf 90' lang='lat' dir='ltr'>Tusc.</span> <span class='ocrx_word' id='word_1_242' title='bbox 993 3395 1060 3461; x_wconf 90' lang='lat' dir='ltr'>disp.</span> <span class='ocrx_word' id='word_1_243' title='bbox 1078 3397 1113 3444; x_wconf 92' lang='lat' dir='ltr'>IV</span> <span class='ocrx_word' id='word_1_244' title='bbox 1128 3394 1171 3454; x_wconf 84' lang='lat'>33,</span> <span class='ocrx_word' id='word_1_245' title='bbox 1186 3395 1220 3447; x_wconf 82' lang='lat'>70</span> <span class='ocrx_word' id='word_1_246' title='bbox 1236 3396 1316 3446; x_wconf 86' lang='lat' dir='ltr'>‘bene</span> 
     </span>
     <span class='ocr_line' id='line_1_31' title="bbox 201 3463 1316 3531; baseline 0.004 -20"><span class='ocrx_word' id='word_1_247' title='bbox 201 3477 262 3527; x_wconf 81' lang='lat' dir='ltr'>ergo</span> <span class='ocrx_word' id='word_1_248' title='bbox 287 3463 394 3511; x_wconf 78' lang='lat' dir='ltr'>EunIus:</span> <span class='ocrx_word' id='word_1_249' title='bbox 420 3463 515 3528; x_wconf 81' lang='lat' dir='ltr'>flagiti’</span> <span class='ocrx_word' id='word_1_250' title='bbox 540 3480 563 3513; x_wconf 90' lang='lat' dir='ltr'>e.</span> <span class='ocrx_word' id='word_1_251' title='bbox 585 3480 610 3527; x_wconf 77' lang='lat' dir='ltr'>q.</span> <span class='ocrx_word' id='word_1_252' title='bbox 636 3481 656 3514; x_wconf 91' lang='lat' dir='ltr'>s.</span> <span class='ocrx_word' id='word_1_253' title='bbox 729 3464 765 3514; x_wconf 84' lang='lat' dir='ltr'>IX</span> <span class='ocrx_word' id='word_1_254' title='bbox 788 3465 869 3514; x_wconf 81' lang='lat' dir='ltr'>Varro</span> <span class='ocrx_word' id='word_1_255' title='bbox 891 3465 923 3513; x_wconf 94' lang='lat' dir='ltr'>de</span> <span class='ocrx_word' id='word_1_256' title='bbox 944 3463 974 3512; x_wconf 92' lang='lat' dir='ltr'>L.</span> <span class='ocrx_word' id='word_1_257' title='bbox 994 3465 1023 3514; x_wconf 84' lang='lat' dir='ltr'>L.</span> <span class='ocrx_word' id='word_1_258' title='bbox 1050 3463 1200 3515; x_wconf 74' lang='grc'><strong>11114911.</strong></span> <span class='ocrx_word' id='word_1_259' title='bbox 1231 3466 1316 3531; x_wconf 85' lang='lat' dir='ltr'>‘apud</span> 
     </span>
     <span class='ocr_line' id='line_1_32' title="bbox 201 3531 1314 3597; baseline 0.007 -18"><span class='ocrx_word' id='word_1_260' title='bbox 201 3533 322 3580; x_wconf 85' lang='lat' dir='ltr'>Ennium:</span> <span class='ocrx_word' id='word_1_261' title='bbox 342 3532 417 3593; x_wconf 89' lang='lat' dir='ltr'>quiu’</span> <span class='ocrx_word' id='word_1_262' title='bbox 440 3548 461 3580; x_wconf 92' lang='lat' dir='ltr'>e.</span> <span class='ocrx_word' id='word_1_263' title='bbox 475 3548 500 3594; x_wconf 87' lang='lat' dir='ltr'>q.</span> <span class='ocrx_word' id='word_1_264' title='bbox 516 3548 538 3582; x_wconf 87' lang='lat' dir='ltr'>s.</span> <span class='ocrx_word' id='word_1_265' title='bbox 560 3531 765 3597; x_wconf 85' lang='lat' dir='ltr'>‘perduelles</span> <span class='ocrx_word' id='word_1_266' title='bbox 787 3534 904 3584; x_wconf 91' lang='lat' dir='ltr'>dicuntur</span> <span class='ocrx_word' id='word_1_267' title='bbox 917 3532 1023 3588; x_wconf 63' lang='lat' dir='ltr'>hostes!</span> <span class='ocrx_word' id='word_1_268' title='bbox 1093 3533 1119 3583; x_wconf 87' lang='lat' dir='ltr'>X</span> <span class='ocrx_word' id='word_1_269' title='bbox 1138 3534 1226 3585; x_wconf 84' lang='lat' dir='ltr'>Cicero</span> <span class='ocrx_word' id='word_1_270' title='bbox 1241 3535 1314 3587; x_wconf 83' lang='lat' dir='ltr'>Lael.</span> 
     </span>
     <span class='ocr_line' id='line_1_33' title="bbox 201 3599 963 3668; baseline 0.013 -19"><span class='ocrx_word' id='word_1_271' title='bbox 201 3599 248 3661; x_wconf 84' lang='lat'>17,</span> <span class='ocrx_word' id='word_1_272' title='bbox 268 3599 302 3650; x_wconf 85' lang='grc'>64</span> <span class='ocrx_word' id='word_1_273' title='bbox 322 3601 488 3663; x_wconf 81' lang='lat' dir='ltr'>‘quamquem</span> <span class='ocrx_word' id='word_1_274' title='bbox 508 3602 604 3651; x_wconf 84' lang='lat' dir='ltr'>Ennius</span> <span class='ocrx_word' id='word_1_275' title='bbox 624 3610 707 3653; x_wconf 87' lang='lat' dir='ltr'>recte:</span> <span class='ocrx_word' id='word_1_276' title='bbox 725 3604 836 3654; x_wconf 80' lang='lat' dir='ltr'>amicus&#39;</span> <span class='ocrx_word' id='word_1_277' title='bbox 854 3621 876 3654; x_wconf 87' lang='lat' dir='ltr'>e.</span> <span class='ocrx_word' id='word_1_278' title='bbox 897 3621 921 3668; x_wconf 89' lang='lat' dir='ltr'>q.</span> <span class='ocrx_word' id='word_1_279' title='bbox 941 3619 963 3658; x_wconf 83' lang='lat' dir='ltr'>s.</span> 
     </span>
    </p>
   </div>
   <div class='ocr_carea' id='block_1_9' title="bbox 169 3809 1355 4301">
    <p class='ocr_par' dir='ltr' id='par_1_10' title="bbox 169 3809 1355 3972">
     <span class='ocr_line' id='line_1_34' title="bbox 239 3809 1355 3874; baseline 0.007 -8"><span class='ocrx_word' id='word_1_280' title='bbox 239 3811 292 3866; x_wconf 87' lang='grc'>422</span> <span class='ocrx_word' id='word_1_281' title='bbox 306 3809 434 3863; x_wconf 86' lang='lat' dir='ltr'>labuntur</span> <span class='ocrx_word' id='word_1_282' title='bbox 454 3809 515 3863; x_wconf 83' lang='lat' dir='ltr'>cdd.</span> <span class='ocrx_word' id='word_1_283' title='bbox 531 3811 698 3866; x_wconf 85' lang='lat' dir='ltr'>lababuutur</span> <span class='ocrx_word' id='word_1_284' title='bbox 712 3811 776 3867; x_wconf 83' lang='lat' dir='ltr'>libri</span> <span class='ocrx_word' id='word_1_285' title='bbox 860 3818 1022 3868; x_wconf 84' lang='lat' dir='ltr'>caementae</span> <span class='ocrx_word' id='word_1_286' title='bbox 1035 3813 1147 3869; x_wconf 85' lang='lat' dir='ltr'>Jum&#39;us.</span> <span class='ocrx_word' id='word_1_287' title='bbox 1168 3823 1315 3874; x_wconf 83' lang='lat' dir='ltr'>caementa</span> <span class='ocrx_word' id='word_1_288' title='bbox 1350 3838 1355 3847; x_wconf 92' lang='lat'><strong>·</strong></span> 
     </span>
     <span class='ocr_line' id='line_1_35' title="bbox 169 3893 1312 3972; baseline 0.008 -23"><span class='ocrx_word' id='word_1_289' title='bbox 169 3964 172 3969; x_wconf 19' lang='grc' dir='ltr'>ι</span> <span class='ocrx_word' id='word_1_290' title='bbox 198 3893 261 3949; x_wconf 80' lang='lat' dir='ltr'>libri</span> <span class='ocrx_word' id='word_1_291' title='bbox 363 3897 415 3951; x_wconf 88' lang='grc'>424</span> <span class='ocrx_word' id='word_1_292' title='bbox 439 3895 523 3966; x_wconf 86' lang='lat' dir='ltr'>pariit</span> <span class='ocrx_word' id='word_1_293' title='bbox 548 3895 632 3950; x_wconf 64' lang='lat' dir='ltr'>‘Pam</span> <span class='ocrx_word' id='word_1_294' title='bbox 658 3913 676 3950; x_wconf 86' lang='lat' dir='ltr'><strong><em>a</em></strong></span> <span class='ocrx_word' id='word_1_295' title='bbox 697 3904 722 3951; x_wconf 87' lang='lat' dir='ltr'>et</span> <span class='ocrx_word' id='word_1_296' title='bbox 743 3896 773 3967; x_wconf 88' lang='lat' dir='ltr'>b,</span> <span class='ocrx_word' id='word_1_297' title='bbox 800 3900 919 3953; x_wconf 84' lang='lat' dir='ltr'>sirecte</span> <span class='ocrx_word' id='word_1_298' title='bbox 940 3899 1057 3952; x_wconf 84' lang='lat' dir='ltr'>relatum</span> <span class='ocrx_word' id='word_1_299' title='bbox 1078 3904 1126 3954; x_wconf 84' lang='lat' dir='ltr'>est.</span> <span class='ocrx_word' id='word_1_300' title='bbox 1152 3902 1226 3972; x_wconf 82' lang='lat' dir='ltr'>parit</span> <span class='ocrx_word' id='word_1_301' title='bbox 1249 3910 1312 3958; x_wconf 87' lang='lat' dir='ltr'>cett.</span> 
     </span>
    </p>

    <p class='ocr_par' dir='ltr' id='par_1_11' title="bbox 195 3975 1312 4301">
     <span class='ocr_line' id='line_1_36' title="bbox 197 3975 1312 4044; baseline 0.006 -10"><span class='ocrx_word' id='word_1_302' title='bbox 197 3975 287 4034; x_wconf 78' lang='lat' dir='ltr'>00de</span> <span class='ocrx_word' id='word_1_303' title='bbox 310 3978 340 4034; x_wconf 87' lang='lat'>0.</span> <span class='ocrx_word' id='word_1_304' title='bbox 363 3976 404 4032; x_wconf 87' lang='lat' dir='ltr'>M.</span> <span class='ocrx_word' id='word_1_305' title='bbox 491 3986 570 4036; x_wconf 81' lang='lat' dir='ltr'>casta</span> <span class='ocrx_word' id='word_1_306' title='bbox 590 3981 669 4038; x_wconf 84' lang='lat' dir='ltr'>Flor.</span> <span class='ocrx_word' id='word_1_307' title='bbox 693 3982 790 4040; x_wconf 83' lang='lat' dir='ltr'>Haun.</span> <span class='ocrx_word' id='word_1_308' title='bbox 819 3989 896 4039; x_wconf 84' lang='lat' dir='ltr'>casto</span> <span class='ocrx_word' id='word_1_309' title='bbox 919 3985 1003 4036; x_wconf 85' lang='lat' dir='ltr'>ceteri</span> <span class='ocrx_word' id='word_1_310' title='bbox 1023 3984 1088 4038; x_wconf 80' lang='lat' dir='ltr'>libri</span> <span class='ocrx_word' id='word_1_311' title='bbox 1180 3988 1233 4044; x_wconf 79' lang='lat'>425</span> <span class='ocrx_word' id='word_1_312' title='bbox 1251 3986 1312 4044; x_wconf 89' lang='lat' dir='ltr'>Deli</span> 
     </span>
     <span class='ocr_line' id='line_1_37' title="bbox 196 4063 1311 4141; baseline 0.009 -24"><span class='ocrx_word' id='word_1_313' title='bbox 196 4064 285 4135; x_wconf 76' lang='lat' dir='ltr'>culpo.</span> <span class='ocrx_word' id='word_1_314' title='bbox 306 4063 385 4118; x_wconf 87' lang='lat' dir='ltr'>Delia</span> <span class='ocrx_word' id='word_1_315' title='bbox 406 4065 469 4120; x_wconf 72' lang='lat' dir='ltr'>libri</span> <span class='ocrx_word' id='word_1_316' title='bbox 559 4069 613 4125; x_wconf 86' lang='grc'>426</span> <span class='ocrx_word' id='word_1_317' title='bbox 636 4066 707 4122; x_wconf 83' lang='lat' dir='ltr'>ciuis</span> <span class='ocrx_word' id='word_1_318' title='bbox 730 4068 804 4139; x_wconf 66' lang='lat' dir='ltr'>Gon,</span> <span class='ocrx_word' id='word_1_319' title='bbox 817 4069 895 4124; x_wconf 81' lang='lat' dir='ltr'>clues</span> <span class='ocrx_word' id='word_1_320' title='bbox 915 4069 1000 4123; x_wconf 80' lang='lat' dir='ltr'>ceteri</span> <span class='ocrx_word' id='word_1_321' title='bbox 1092 4072 1144 4129; x_wconf 80' lang='grc'>427</span> <span class='ocrx_word' id='word_1_322' title='bbox 1162 4071 1228 4141; x_wconf 92' lang='lat' dir='ltr'>quin</span> <span class='ocrx_word' id='word_1_323' title='bbox 1244 4071 1311 4127; x_wconf 92' lang='lat' dir='ltr'>iude</span> 
     </span>
     <span class='ocr_line' id='line_1_38' title="bbox 195 4148 1310 4224; baseline 0.012 -23"><span class='ocrx_word' id='word_1_324' title='bbox 195 4148 274 4202; x_wconf 84' lang='lat' dir='ltr'>Flor.</span> <span class='ocrx_word' id='word_1_325' title='bbox 289 4149 359 4203; x_wconf 88' lang='lat' dir='ltr'>Par.</span> <span class='ocrx_word' id='word_1_326' title='bbox 377 4167 405 4203; x_wconf 86' lang='lat' dir='ltr'>a.</span> <span class='ocrx_word' id='word_1_327' title='bbox 424 4151 525 4222; x_wconf 90' lang='lat' dir='ltr'>quoius</span> <span class='ocrx_word' id='word_1_328' title='bbox 549 4151 614 4207; x_wconf 89' lang='lat' dir='ltr'>inde</span> <span class='ocrx_word' id='word_1_329' title='bbox 631 4151 710 4208; x_wconf 75' lang='lat' dir='ltr'>Goth.</span> <span class='ocrx_word' id='word_1_330' title='bbox 726 4153 807 4224; x_wconf 89' lang='lat' dir='ltr'>quius</span> <span class='ocrx_word' id='word_1_331' title='bbox 828 4154 894 4209; x_wconf 88' lang='lat' dir='ltr'>inde</span> <span class='ocrx_word' id='word_1_332' title='bbox 909 4153 1005 4210; x_wconf 78' lang='lat' dir='ltr'>Ham.</span> <span class='ocrx_word' id='word_1_333' title='bbox 1022 4153 1310 4224; x_wconf 61' lang='lat' dir='ltr'>quotinocturno.</span> 
     </span>
     <span class='ocr_line' id='line_1_39' title="bbox 197 4231 563 4301; baseline 0.022 -18"><span class='ocrx_word' id='word_1_334' title='bbox 197 4231 264 4301; x_wconf 90' lang='lat' dir='ltr'>quid</span> <span class='ocrx_word' id='word_1_335' title='bbox 278 4233 353 4288; x_wconf 91' lang='lat' dir='ltr'>uude</span> <span class='ocrx_word' id='word_1_336' title='bbox 371 4234 492 4291; x_wconf 83' lang='lat' dir='ltr'>Turnebi</span> <span class='ocrx_word' id='word_1_337' title='bbox 503 4236 563 4291; x_wconf 85' lang='lat' dir='ltr'>cod.</span> 
     </span>
    </p>
   </div>
   <div class='ocr_carea' id='block_1_10' title="bbox 0 0 1470 4942">
    <p class='ocr_par' dir='ltr' id='par_1_12' title="bbox 0 0 1470 4942">
     <span class='ocr_line' id='line_1_40' title="bbox 0 0 1470 4942; baseline 0 9"><span class='ocrx_word' id='word_1_338' title='bbox 0 0 1470 4942; x_wconf 95' lang='lat' dir='ltr'> </span> 
     </span>
    </p>
   </div>
  </div>
 </body>
</html>
