2932 4942
621 312 849 369 ENNIANAE
1226 320 1290 367 XXI

185 479 326 558 quaedam
352 478 425 539 falsa
455 477 493 538 de
520 480 581 538 suis
616 477 802 538 admisceant.
854 476 910 552 Qui
937 496 1002 538 cum
1031 477 1102 538 illud
1127 479 1289 555 nouissent,

184 586 301 646 Homeri
327 586 447 645 animam
471 587 499 645 in
521 583 605 645 Ennii
633 602 741 665 corpus
766 584 932 644 translatam
953 585 1081 659 narrari,
1110 603 1175 644 eam
1196 594 1288 646 traus-

144 760 147 764 Α
183 694 330 768 lationem,
353 710 411 752 non
431 693 574 772 inspectis
593 701 624 751 ut
646 691 761 752 uidetur
783 691 944 766 annalibus,
962 690 1054 750 Persii
1069 709 1184 751 uersum
1210 691 1286 770 (Sat.

182 801 218 876 6,
248 801 287 861 10
315 802 384 879 sq.)
407 821 457 861 cor
475 805 548 860 utba
565 804 618 860 hoc
635 804 725 873 Enni,
750 808 899 876 postquam
924 804 1065 859 destertuit
1080 817 1140 859 esse
1161 802 1286 862 Maeoni·

180 913 244 982 des,
274 910 425 979 Quintus
440 927 554 983 pausae
573 925 612 971 aa
631 908 807 982 Pytbaqorco
831 921 987 983 perperam
1008 905 1189 984 interpretati
1209 906 1288 965 miris

180 1015 274 1075 modis
300 1011 510 1074 disturbarent:
539 1028 661 1091 quorum
690 1028 807 1072 errores
832 1012 1005 1071 examinauit
1026 1008 1180 1088 llbergius.
1224 1010 1288 1072 Nec

180 1139 253 1181 uero
291 1119 385 1180 Ennio
427 1119 485 1180 hoc
528 1137 614 1179 unum
653 1137 808 1198 emergens
848 1136 887 1178 ex
914 1117 1016 1178 inieris
1049 1117 1169 1178 Homeri
1200 1119 1286 1179 simu·
1373 1197 1376 1203 ι

181 1226 292 1287 lacrum
314 1225 441 1305 aperuit:
473 1226 521 1303 qui
544 1225 717 1304 exordiens,
746 1226 825 1306 quod
847 1223 953 1286 Cicero
975 1223 1084 1304 (head.
1105 1224 1132 1284 ll
1156 1223 1207 1302 27,
1229 1223 1286 1307 38)

180 1350 238 1393 non
271 1332 346 1394 adeo
379 1331 506 1392 obscure
542 1332 693 1409 indicauit,
730 1333 767 1394 ab
790 1311 842 1394 his
876 1331 990 1392 uerbis:
1026 1353 1042 1391 ο
1069 1338 1163 1408 putas
1194 1337 1287 1405 animi,

180 1449 309 1501 naturam
337 1458 434 1500 rerum
456 1439 540 1499 dictis
562 1448 593 1499 ut
618 1443 658 1501 ait
678 1440 829 1501 Lucretius
859 1438 888 1518 (l
912 1436 987 1516 126)
1001 1436 1147 1514 expandit.
1184 1437 1287 1497 Parum
1346 1418 1348 1422 ¹

179 1549 254 1607 enim
277 1545 431 1626 probabile
458 1556 504 1607 est
528 1546 605 1607 aliud
638 1556 757 1626 praeter
782 1546 901 1606 annales
931 1562 1047 1604 carmen
1075 1543 1133 1603 illis
1157 1560 1231 1623 quos
1257 1544 1287 1603 in

177 1654 257 1731 ipsas
280 1652 423 1713 annalium
444 1654 583 1732 reliquias
606 1655 708 1732 recepi
731 1652 858 1713 Lucretii
878 1649 1013 1711 uersibus
1040 1649 1214 1727 significari:
1237 1653 1286 1730 qui

178 1767 280 1836 aperte
306 1758 351 1817 his
381 1757 496 1835 quidem
522 1775 597 1836 quae
620 1759 705 1820 dicit:
735 1765 783 1836 qui
793 1767 906 1836 primus
923 1776 1036 1818 armeno
1049 1761 1152 1817 Detulit
1168 1777 1206 1818 ea
1226 1763 1285 1819 Hc-

178 1871 265 1943 ticoue
287 1871 410 1942 percunt
429 1867 535 1940 froude
560 1883 708 1951 coronam,
736 1870 794 1925 Per
820 1871 908 1942 pectis
928 1866 1018 1924 Italus
1046 1867 1184 1924 bomtimm
1214 1885 1286 1942 quae

178 1978 259 2032 atara
280 1976 386 2032 clueret
403 1980 432 2031 et
454 1971 490 2032 ad
513 1971 632 2032 annales
655 1969 761 2030 adlusit
782 1981 811 2032 et
832 1970 908 2031 hunc
928 1971 1114 2050 superstitem
1140 1988 1178 2030 ex
1198 1989 1283 2032 anna.-

177 2078 252 2140 libus
274 2097 391 2139 uersum
414 2081 577 2158 expressit:
602 2084 672 2138 latos
687 2096 744 2152 par
758 2085 1035 2155 populoaterraequc
1043 2087 1174 2155 poemata
1188 2095 1285 2142 nostra

175 2192 261 2249 Clara
272 2191 399 2246 ciebunt
409 2184 492 2265 (lv).
514 2183 553 2244 Vt
565 2182 729 2244 Lucretium
745 2185 770 2242 si
784 2186 919 2264 sequeris
931 2184 968 2244 ad
976 2183 1095 2244 annales
1105 2185 1218 2246 referas
1228 2186 1283 2247 hos

175 2301 257 2353 certe
266 2311 371 2353 uersus
386 2311 402 2352 a
414 2291 548 2353 Varrone
563 2290 616 2369 (de
628 2289 658 2350 L.
671 2288 701 2349 L.
715 2290 791 2352 Vbi)
802 2290 856 2373 ll.)
874 2301 1064 2353 conseruatos
1079 2291 1282 2354 hexametros:

175 2420 229 2459 uua
241 2405 340 2474 parire
355 2404 424 2459 solet
434 2417 522 2475 penus
533 2403 636 2473 pennis
647 2403 858 2460 coamens-atum
873 2404 937 2460 Nou
951 2406 1087 2460 animam.-
1109 2411 1135 2460 et
1144 2411 1208 2477 post
1220 2407 1283 2462 iude

174 2513 248 2566 uenit
257 2511 388 2566 ammaus
397 2510 482 2582 pullu
493 2507 563 2582 ipsa
577 2510 671 2563 anima
682 2501 787 2584 (Xll):
807 2505 938 2585 aquibus
951 2506 1015 2566 iere
1024 2523 1082 2566 non
1091 2506 1197 2568 distant
1207 2508 1282 2568 haec

173 2612 702 2692 Lucretiana(116)anpeeuaesatus
712 2616 1142 2688 diuinitusiusiuuetsemnima).
1159 2612 1281 2673 hcsatis

173 2723 376 2802 intempestiue
399 2718 540 2780 Columna
559 2719 675 2780 uidetur
694 2718 762 2780 mihi
785 2722 902 2800 quidem
923 2721 968 2780 his
983 2719 1163 2780 Lucretiams
1185 2717 1279 2798 (120)

172 2836 225 2889 etsi
239 2840 391 2905 praeterea
413 2839 505 2888 tamea
527 2847 586 2888 esse
602 2831 756 2888 Achenum
774 2834 875 2905 templa
896 2831 1006 2888 Eunias
1030 2833 1150 2888 ceteruia
1168 2833 1283 2902 eapoait

173 2939 298 2994 uersibus
312 2940 396 2994 edens
413 2936 572 2996 contulisse
583 2933 732 2994 Ennianae
746 2934 969 2994 Andromachae
991 2931 1081 2992 uerba
1101 2931 1280 3010 (V1)Acbe.-

173 3047 271 3100 runaia
285 3049 385 3117 templa
399 3047 457 3101 alta
473 3045 546 3113 Orci,
560 3049 678 3125 ,saucia
698 3044 802 3099 aaluetc
816 3044 929 3116 infera,
946 3043 1058 3099 Pallida
1074 3043 1133 3112 tat,
1153 3041 1281 3098 obaubitu

172 3150 293 3206 tenebras
323 3153 409 3221 auis,
448 3153 568 3207 marrus
600 3151 669 3205 luca
720 3143 909 3241 Quidxenim
947 3143 1114 3224 inpediebat
1149 3152 1277 3223 poetam,

172 3255 344 3332 quominus
367 3255 396 3313 iu
416 3252 559 3315 annalium
586 3266 704 3330 qunque
726 3250 866 3329 exordio,
893 3252 941 3312 nbi
967 3254 1118 3313 nimirum
1139 3271 1178 3313 ex
1200 3251 1278 3314 Orco

170 3361 327 3423 llomerum
353 3363 436 3441 lingit
464 3360 644 3434 escendere,
682 3355 859 3419 Acherontis
886 3361 1017 3439 speciem
1043 3359 1178 3421 uersibus
1205 3361 1277 3424 deli·

171 3466 293 3530 uearet‘?
325 3470 424 3546 Quare
453 3467 531 3548 quod
552 3466 708 3527 llomerum
733 3474 863 3527 naturam
887 3485 984 3526 rerum
1010 3467 1186 3547 expandisse
1207 3469 1277 3531 dicit

168 3577 334 3653 lucretius,
357 3577 385 3638 id
407 3577 445 3639 de
466 3575 616 3637 annalibus
632 3573 716 3634 dicit:
739 3592 804 3634 cum
824 3576 996 3655 praesertim
1014 3577 1042 3635 iu
1063 3587 1198 3658 promptu
1221 3579 1277 3638 sint
1383 3575 1385 3578 ’
1449 3654 1452 3661 Ι

170 3701 273 3743 uersus
292 3684 424 3762 quidam,
448 3700 505 3743 uon
524 3682 565 3743 illi
579 3681 694 3761 quidem
717 3683 859 3744 annalium
875 3693 943 3744 nota
965 3684 1108 3762 insigniti,
1129 3684 1182 3745 sed
1200 3703 1275 3765 quos

168 3810 233 3851 cum
257 3799 288 3850 et
308 3790 469 3852 hexametri
491 3790 548 3849 sint
566 3797 595 3849 ct
617 3788 809 3869 philosophas
828 3793 993 3851 contineant
1014 3795 1190 3869 sententias,
1217 3810 1275 3852 non

168 3900 262 3977 aptius
285 3900 383 3976 possis
407 3915 492 3977 quam
510 3897 539 3955 iu
554 3897 610 3958 hac
632 3905 715 3976 parte
738 3898 900 3977 prohoemii
916 3897 1084 3958 conlocare.
1121 3898 1165 3960 Gi.
1182 3897 1273 3958 llrah·

167 4023 255 4065 uerus
276 4005 312 4065 de
334 4008 431 4066 causis
456 4023 533 4065 corr.
556 4004 642 4082 relig.
659 4004 742 4066 Rom.
766 4024 794 4084 p.
809 4005 849 4066 43
872 4015 902 4066 et
919 4005 1062 4083 berghius
1081 4005 1119 4065 de
1140 4020 1271 4082 prooem.

167 4111 289 4192 Emped.
322 4130 351 4191 p.
380 4113 431 4174 31.
479 4111 582 4190 Neque
617 4115 646 4173 in
675 4131 712 4174 eo
743 4113 920 4175 haerendum
957 4113 1034 4193 quod
1067 4128 1167 4190 parum
1203 4127 1271 4168 con·

168 4221 251 4282 einne
277 4221 305 4280 in
327 4222 453 4282 carmine
482 4221 568 4299 epico
597 4217 781 4300 philosophis
805 4220 944 4281 doctrinis
965 4218 1062 4280 locum
1085 4218 1271 4278 concessisse
