<?xml version="1.0" encoding="UTF-8"?>
<!DOCTYPE html PUBLIC "-//W3C//DTD XHTML 1.0 Transitional//EN"
    "http://www.w3.org/TR/xhtml1/DTD/xhtml1-transitional.dtd">
<html xmlns="http://www.w3.org/1999/xhtml" xml:lang="en" lang="en">
 <head>
  <title>
</title>
<meta http-equiv="Content-Type" content="text/html;charset=utf-8" />
  <meta name='ocr-system' content='tesseract 3.04.00' />
  <meta name='ocr-capabilities' content='ocr_page ocr_carea ocr_par ocr_line ocrx_word'/>
</head>
<body>
  <div class='ocr_page' id='page_1' title='image "./ennianaepoesisr00ennigoog_0104.png"; bbox 0 0 2932 4942; ppageno 0'>
   <div class='ocr_carea' id='block_1_1' title="bbox 620 1044 825 1127">
    <p class='ocr_par' dir='ltr' id='par_1_1' title="bbox 620 1044 825 1127">
     <span class='ocr_line' id='line_1_1' title="bbox 620 1044 825 1127; baseline -0.01 -1"><span class='ocrx_word' id='word_1_1' title='bbox 620 1045 780 1127; x_wconf 81' lang='lat' dir='ltr'>Lliiiiii</span> <span class='ocrx_word' id='word_1_2' title='bbox 811 1044 825 1124; x_wconf 94' lang='lat' dir='ltr'>l</span> 
     </span>
    </p>
   </div>
   <div class='ocr_carea' id='block_1_2' title="bbox 267 1248 1275 1462">
    <p class='ocr_par' dir='ltr' id='par_1_2' title="bbox 267 1248 1275 1462">
     <span class='ocr_line' id='line_1_2' title="bbox 700 1248 744 1319; baseline 0 -33"><span class='ocrx_word' id='word_1_3' title='bbox 700 1251 714 1319; x_wconf 79' lang='lat' dir='ltr'>l</span> <span class='ocrx_word' id='word_1_4' title='bbox 727 1248 744 1286; x_wconf 80' lang='lat' dir='ltr'>²i¹</span> 
     </span>
     <span class='ocr_line' id='line_1_3' title="bbox 267 1367 1275 1462; baseline 0.003 -26"><span class='ocrx_word' id='word_1_5' title='bbox 267 1367 378 1437; x_wconf 85' lang='lat' dir='ltr'>Varro</span> <span class='ocrx_word' id='word_1_6' title='bbox 402 1369 443 1438; x_wconf 85' lang='lat' dir='ltr'>de</span> <span class='ocrx_word' id='word_1_7' title='bbox 467 1392 503 1439; x_wconf 86' lang='lat' dir='ltr'>re</span> <span class='ocrx_word' id='word_1_8' title='bbox 526 1369 649 1439; x_wconf 82' lang='lat' dir='ltr'>rustica</span> <span class='ocrx_word' id='word_1_9' title='bbox 673 1369 687 1437; x_wconf 96' lang='lat' dir='ltr'>l</span> <span class='ocrx_word' id='word_1_10' title='bbox 710 1380 738 1454; x_wconf 86' lang='lat'>1,</span> <span class='ocrx_word' id='word_1_11' title='bbox 757 1380 777 1438; x_wconf 88' lang='grc'><strong>4</strong></span> <span class='ocrx_word' id='word_1_12' title='bbox 799 1374 850 1439; x_wconf 87' lang='lat' dir='ltr'>‘ei</span> <span class='ocrx_word' id='word_1_13' title='bbox 874 1371 1028 1462; x_wconf 88' lang='lat' dir='ltr'>quoniam</span> <span class='ocrx_word' id='word_1_14' title='bbox 1052 1374 1087 1439; x_wconf 87' lang='lat' dir='ltr'>ui</span> <span class='ocrx_word' id='word_1_15' title='bbox 1111 1371 1202 1439; x_wconf 87' lang='lat' dir='ltr'>aiunt</span> <span class='ocrx_word' id='word_1_16' title='bbox 1223 1371 1275 1439; x_wconf 90' lang='lat' dir='ltr'>dei</span> 
     </span>
    </p>
   </div>
   <div class='ocr_carea' id='block_1_3' title="bbox 164 1472 1276 1661">
    <p class='ocr_par' dir='ltr' id='par_1_3' title="bbox 164 1472 1276 1661">
     <span class='ocr_line' id='line_1_4' title="bbox 164 1472 1276 1564; baseline 0.001 -24"><span class='ocrx_word' id='word_1_17' title='bbox 164 1472 322 1541; x_wconf 80' lang='lat' dir='ltr'><strong>facientes</strong></span> <span class='ocrx_word' id='word_1_18' title='bbox 342 1472 515 1558; x_wconf 82' lang='lat' dir='ltr'>adiuuant,</span> <span class='ocrx_word' id='word_1_19' title='bbox 538 1473 631 1564; x_wconf 89' lang='lat' dir='ltr'>prius</span> <span class='ocrx_word' id='word_1_20' title='bbox 654 1473 816 1542; x_wconf 83' lang='lat' dir='ltr'>inuocabo</span> <span class='ocrx_word' id='word_1_21' title='bbox 837 1496 897 1543; x_wconf 86' lang='lat' dir='ltr'>eus</span> <span class='ocrx_word' id='word_1_22' title='bbox 920 1497 992 1544; x_wconf 85' lang='lat' dir='ltr'>nee</span> <span class='ocrx_word' id='word_1_23' title='bbox 1016 1480 1057 1542; x_wconf 87' lang='lat' dir='ltr'>ut</span> <span class='ocrx_word' id='word_1_24' title='bbox 1074 1473 1276 1542; x_wconf 83' lang='lat' dir='ltr'>Homerus</span> 
     </span>
     <span class='ocr_line' id='line_1_5' title="bbox 164 1576 1023 1661; baseline 0.003 -18"><span class='ocrx_word' id='word_1_25' title='bbox 164 1580 203 1643; x_wconf 87' lang='lat' dir='ltr'>et</span> <span class='ocrx_word' id='word_1_26' title='bbox 224 1576 384 1661; x_wconf 80' lang='lat' dir='ltr'>Ennius</span> <span class='ocrx_word' id='word_1_27' title='bbox 408 1577 547 1646; x_wconf 85' lang='lat' dir='ltr'>Musas</span> <span class='ocrx_word' id='word_1_28' title='bbox 568 1576 627 1646; x_wconf 87' lang='lat' dir='ltr'>sed</span> <span class='ocrx_word' id='word_1_29' title='bbox 649 1576 709 1644; x_wconf 91' lang='lat' dir='ltr'>Xll</span> <span class='ocrx_word' id='word_1_30' title='bbox 729 1577 811 1645; x_wconf 89' lang='lat' dir='ltr'>deos</span> <span class='ocrx_word' id='word_1_31' title='bbox 835 1578 1023 1646; x_wconf 66' lang='lat' dir='ltr'>consentis!</span> 
     </span>
    </p>
   </div>
   <div class='ocr_carea' id='block_1_4' title="bbox 267 1711 1177 2206">
    <p class='ocr_par' dir='ltr' id='par_1_4' title="bbox 691 1711 748 1780">
     <span class='ocr_line' id='line_1_6' title="bbox 691 1711 748 1780; baseline 0 0"><span class='ocrx_word' id='word_1_32' title='bbox 691 1711 748 1780; x_wconf 82' lang='lat' dir='ltr'>ll*</span> 
     </span>
    </p>

    <p class='ocr_par' dir='ltr' id='par_1_5' title="bbox 268 1826 1177 2034">
     <span class='ocr_line' id='line_1_7' title="bbox 268 1826 1177 1921; baseline -0.001 -24"><span class='ocrx_word' id='word_1_33' title='bbox 268 1828 384 1898; x_wconf 84' lang='lat' dir='ltr'>Musae</span> <span class='ocrx_word' id='word_1_34' title='bbox 403 1850 490 1921; x_wconf 87' lang='lat' dir='ltr'>quae</span> <span class='ocrx_word' id='word_1_35' title='bbox 507 1828 648 1920; x_wconf 88' lang='lat' dir='ltr'>pedibus</span> <span class='ocrx_word' id='word_1_36' title='bbox 665 1851 824 1921; x_wconf 86' lang='lat' dir='ltr'>magnum</span> <span class='ocrx_word' id='word_1_37' title='bbox 842 1831 981 1921; x_wconf 82' lang='lat' dir='ltr'>pulsatis</span> <span class='ocrx_word' id='word_1_38' title='bbox 999 1826 1177 1918; x_wconf 83' lang='lat' dir='ltr'>Olimpum</span> 
     </span>
     <span class='ocr_line' id='line_1_8' title="bbox 672 1964 769 2034; baseline -0.01 -33"><span class='ocrx_word' id='word_1_39' title='bbox 672 1965 714 2034; x_wconf 75' lang='grc' dir='ltr'>Π]</span> <span class='ocrx_word' id='word_1_40' title='bbox 728 1964 769 2001; x_wconf 66' lang='lat' dir='ltr'>*s</span> 
     </span>
    </p>

    <p class='ocr_par' dir='ltr' id='par_1_6' title="bbox 267 2082 1149 2206">
     <span class='ocr_line' id='line_1_9' title="bbox 267 2082 1149 2206; baseline 0.005 -56"><span class='ocrx_word' id='word_1_41' title='bbox 267 2082 381 2151; x_wconf 85' lang='lat' dir='ltr'>Musas</span> <span class='ocrx_word' id='word_1_42' title='bbox 399 2105 482 2176; x_wconf 88' lang='lat' dir='ltr'>quas</span> <span class='ocrx_word' id='word_1_43' title='bbox 503 2082 596 2206; x_wconf 47' lang='lat' dir='ltr'>Grai</span> <span class='ocrx_word' id='word_1_44' title='bbox 604 2089 803 2171; x_wconf 85' lang='lat' dir='ltr'>memorant,</span> <span class='ocrx_word' id='word_1_45' title='bbox 831 2107 893 2155; x_wconf 88' lang='lat' dir='ltr'>nos</span> <span class='ocrx_word' id='word_1_46' title='bbox 912 2083 1149 2155; x_wconf 85' lang='lat' dir='ltr'>Casmeuamm</span> 
     </span>
    </p>
   </div>
   <div class='ocr_carea' id='block_1_5' title="bbox 698 2223 748 2292">
    <p class='ocr_par' dir='ltr' id='par_1_7' title="bbox 698 2223 748 2292">
     <span class='ocr_line' id='line_1_10' title="bbox 698 2223 748 2292; baseline -0.02 0"><span class='ocrx_word' id='word_1_47' title='bbox 698 2223 748 2292; x_wconf 92' lang='lat' dir='ltr'>lV</span> 
     </span>
    </p>
   </div>
   <div class='ocr_carea' id='block_1_6' title="bbox 266 2338 1113 2513">
    <p class='ocr_par' dir='ltr' id='par_1_8' title="bbox 266 2338 1113 2513">
     <span class='ocr_line' id='line_1_11' title="bbox 266 2338 1113 2434; baseline -0.001 -26"><span class='ocrx_word' id='word_1_48' title='bbox 266 2338 369 2408; x_wconf 86' lang='lat' dir='ltr'>Latos</span> <span class='ocrx_word' id='word_1_49' title='bbox 387 2360 448 2429; x_wconf 85' lang='lat' dir='ltr'>per</span> <span class='ocrx_word' id='word_1_50' title='bbox 463 2340 609 2430; x_wconf 86' lang='lat' dir='ltr'>pupulus</span> <span class='ocrx_word' id='word_1_51' title='bbox 628 2345 801 2434; x_wconf 86' lang='lat' dir='ltr'>terrasque</span> <span class='ocrx_word' id='word_1_52' title='bbox 824 2345 978 2433; x_wconf 80' lang='lat' dir='ltr'>puiimata</span> <span class='ocrx_word' id='word_1_53' title='bbox 998 2343 1113 2410; x_wconf 87' lang='lat' dir='ltr'>nostra</span> 
     </span>
     <span class='ocr_line' id='line_1_12' title="bbox 267 2440 548 2513; baseline 0.004 -2"><span class='ocrx_word' id='word_1_54' title='bbox 267 2440 364 2512; x_wconf 84' lang='lat' dir='ltr'>Clara</span> <span class='ocrx_word' id='word_1_55' title='bbox 383 2442 548 2513; x_wconf 82' lang='lat' dir='ltr'>eluebunt.</span> 
     </span>
    </p>
   </div>
   <div class='ocr_carea' id='block_1_7' title="bbox 164 2637 1303 3192">
    <p class='ocr_par' dir='ltr' id='par_1_9' title="bbox 164 2637 1303 3192">
     <span class='ocr_line' id='line_1_13' title="bbox 198 2637 1277 2710; baseline -0.002 -20"><span class='ocrx_word' id='word_1_56' title='bbox 198 2641 314 2691; x_wconf 70' lang='lat' dir='ltr'>Lmnul</span> <span class='ocrx_word' id='word_1_57' title='bbox 351 2642 374 2691; x_wconf 95' lang='lat' dir='ltr'>ll</span> <span class='ocrx_word' id='word_1_58' title='bbox 397 2643 479 2692; x_wconf 86' lang='lat' dir='ltr'>Varro</span> <span class='ocrx_word' id='word_1_59' title='bbox 499 2642 531 2693; x_wconf 87' lang='lat' dir='ltr'>de</span> <span class='ocrx_word' id='word_1_60' title='bbox 550 2643 580 2692; x_wconf 92' lang='lat' dir='ltr'>L.</span> <span class='ocrx_word' id='word_1_61' title='bbox 601 2642 630 2692; x_wconf 87' lang='lat' dir='ltr'>L.</span> <span class='ocrx_word' id='word_1_62' title='bbox 649 2645 698 2694; x_wconf 91' lang='lat' dir='ltr'>Vll</span> <span class='ocrx_word' id='word_1_63' title='bbox 720 2644 755 2695; x_wconf 78' lang='lat'>20</span> <span class='ocrx_word' id='word_1_64' title='bbox 777 2645 811 2694; x_wconf 89' lang='lat' dir='ltr'>M.</span> <span class='ocrx_word' id='word_1_65' title='bbox 841 2646 936 2695; x_wconf 77' lang='lat' dir='ltr'>‘Enniz</span> <span class='ocrx_word' id='word_1_66' title='bbox 964 2643 1137 2710; x_wconf 75' lang='lat' dir='ltr'>Areopagitae</span> <span class='ocrx_word' id='word_1_67' title='bbox 1159 2637 1277 2703; x_wconf 86' lang='lat' dir='ltr'>quidem&#39;</span> 
     </span>
     <span class='ocr_line' id='line_1_14' title="bbox 164 2707 1279 2780; baseline -0.002 -22"><span class='ocrx_word' id='word_1_68' title='bbox 164 2726 186 2759; x_wconf 89' lang='lat' dir='ltr'>e.</span> <span class='ocrx_word' id='word_1_69' title='bbox 199 2728 223 2772; x_wconf 90' lang='lat' dir='ltr'>q.</span> <span class='ocrx_word' id='word_1_70' title='bbox 239 2725 260 2759; x_wconf 86' lang='lat' dir='ltr'>s.</span> <span class='ocrx_word' id='word_1_71' title='bbox 282 2711 397 2759; x_wconf 79' lang='lat' dir='ltr'>‘Musae&#39;</span> <span class='ocrx_word' id='word_1_72' title='bbox 414 2728 436 2761; x_wconf 87' lang='lat' dir='ltr'>e.</span> <span class='ocrx_word' id='word_1_73' title='bbox 453 2728 478 2774; x_wconf 92' lang='lat' dir='ltr'>q.</span> <span class='ocrx_word' id='word_1_74' title='bbox 495 2728 516 2761; x_wconf 90' lang='lat' dir='ltr'>s.</span> <span class='ocrx_word' id='word_1_75' title='bbox 539 2712 653 2762; x_wconf 83' lang='lat' dir='ltr'>‘caelum</span> <span class='ocrx_word' id='word_1_76' title='bbox 666 2714 754 2762; x_wconf 85' lang='lat' dir='ltr'>dicunt</span> <span class='ocrx_word' id='word_1_77' title='bbox 768 2714 858 2764; x_wconf 87' lang='lat' dir='ltr'>Graeci</span> <span class='ocrx_word' id='word_1_78' title='bbox 873 2714 1026 2780; x_wconf 73' lang='lat' dir='ltr'>Olympum,</span> <span class='ocrx_word' id='word_1_79' title='bbox 1050 2719 1163 2762; x_wconf 83' lang='lat' dir='ltr'>montem</span> <span class='ocrx_word' id='word_1_80' title='bbox 1182 2711 1209 2758; x_wconf 89' lang='lat' dir='ltr'>in</span> <span class='ocrx_word' id='word_1_81' title='bbox 1224 2707 1279 2756; x_wconf 88' lang='lat' dir='ltr'>Ma-</span> 
     </span>
     <span class='ocr_line' id='line_1_15' title="bbox 164 2779 1277 2848; baseline -0.003 -21"><span class='ocrx_word' id='word_1_82' title='bbox 164 2781 385 2831; x_wconf 76' lang='lat' dir='ltr'>cedoniaemnes&#39;</span> <span class='ocrx_word' id='word_1_83' title='bbox 406 2798 429 2830; x_wconf 85' lang='lat' dir='ltr'>e.</span> <span class='ocrx_word' id='word_1_84' title='bbox 446 2796 471 2843; x_wconf 90' lang='lat' dir='ltr'>q.</span> <span class='ocrx_word' id='word_1_85' title='bbox 487 2796 509 2830; x_wconf 86' lang='lat' dir='ltr'>a.</span> <span class='ocrx_word' id='word_1_86' title='bbox 536 2781 660 2848; x_wconf 83' lang='lat' dir='ltr'>(hermi</span> <span class='ocrx_word' id='word_1_87' title='bbox 678 2784 735 2832; x_wconf 87' lang='lat' dir='ltr'>Par.</span> <span class='ocrx_word' id='word_1_88' title='bbox 755 2783 782 2832; x_wconf 89' lang='lat' dir='ltr'>b.</span> <span class='ocrx_word' id='word_1_89' title='bbox 806 2785 902 2835; x_wconf 82' lang='lat' dir='ltr'>Ennii</span> <span class='ocrx_word' id='word_1_90' title='bbox 922 2780 1015 2847; x_wconf 78' lang='lat' dir='ltr'>ueteri)</span> <span class='ocrx_word' id='word_1_91' title='bbox 1036 2781 1143 2831; x_wconf 85' lang='lat' dir='ltr'>Seruius</span> <span class='ocrx_word' id='word_1_92' title='bbox 1163 2780 1189 2827; x_wconf 87' lang='lat' dir='ltr'>in</span> <span class='ocrx_word' id='word_1_93' title='bbox 1211 2779 1277 2826; x_wconf 80' lang='lat' dir='ltr'>Aen.</span> 
     </span>
     <span class='ocr_line' id='line_1_16' title="bbox 164 2844 1277 2916; baseline -0.003 -20"><span class='ocrx_word' id='word_1_94' title='bbox 164 2848 269 2898; x_wconf 80' lang='lat' dir='ltr'>x1660</span> <span class='ocrx_word' id='word_1_95' title='bbox 291 2849 453 2912; x_wconf 76' lang='lat' dir='ltr'>‘pulsantt</span> <span class='ocrx_word' id='word_1_96' title='bbox 473 2851 571 2898; x_wconf 82' lang='lat' dir='ltr'>Ennius</span> <span class='ocrx_word' id='word_1_97' title='bbox 590 2852 623 2899; x_wconf 85' lang='lat' dir='ltr'>ad</span> <span class='ocrx_word' id='word_1_98' title='bbox 642 2852 742 2901; x_wconf 81' lang='lat' dir='ltr'>Musas:</span> <span class='ocrx_word' id='word_1_99' title='bbox 764 2855 842 2914; x_wconf 85' lang='lat' dir='ltr'>quae’</span> <span class='ocrx_word' id='word_1_100' title='bbox 862 2869 884 2902; x_wconf 86' lang='lat' dir='ltr'>e.</span> <span class='ocrx_word' id='word_1_101' title='bbox 900 2869 925 2916; x_wconf 93' lang='lat' dir='ltr'>q.</span> <span class='ocrx_word' id='word_1_102' title='bbox 940 2867 961 2901; x_wconf 84' lang='lat' dir='ltr'>s.</span> <span class='ocrx_word' id='word_1_103' title='bbox 1034 2851 1070 2900; x_wconf 94' lang='lat' dir='ltr'>Ill</span> <span class='ocrx_word' id='word_1_104' title='bbox 1095 2850 1176 2897; x_wconf 85' lang='lat' dir='ltr'>Varro</span> <span class='ocrx_word' id='word_1_105' title='bbox 1197 2847 1230 2895; x_wconf 88' lang='lat' dir='ltr'>de</span> <span class='ocrx_word' id='word_1_106' title='bbox 1247 2844 1277 2894; x_wconf 87' lang='lat' dir='ltr'>L.</span> 
     </span>
     <span class='ocr_line' id='line_1_17' title="bbox 164 2914 1277 2986; baseline -0.001 -23"><span class='ocrx_word' id='word_1_107' title='bbox 164 2916 193 2963; x_wconf 90' lang='lat' dir='ltr'>L.</span> <span class='ocrx_word' id='word_1_108' title='bbox 215 2918 263 2966; x_wconf 91' lang='lat' dir='ltr'>Vll</span> <span class='ocrx_word' id='word_1_109' title='bbox 281 2919 316 2965; x_wconf 69' lang='lat' dir='ltr'>tu</span> <span class='ocrx_word' id='word_1_110' title='bbox 335 2918 370 2966; x_wconf 88' lang='grc' dir='ltr'>Μ.</span> <span class='ocrx_word' id='word_1_111' title='bbox 397 2923 508 2966; x_wconf 85' lang='lat' dir='ltr'>‘cornua</span> <span class='ocrx_word' id='word_1_112' title='bbox 531 2934 547 2967; x_wconf 88' lang='lat' dir='ltr'>a</span> <span class='ocrx_word' id='word_1_113' title='bbox 568 2934 676 2969; x_wconf 82' lang='lat' dir='ltr'>curuare</span> <span class='ocrx_word' id='word_1_114' title='bbox 699 2921 783 2978; x_wconf 83' lang='lat' dir='ltr'>dicta,</span> <span class='ocrx_word' id='word_1_115' title='bbox 816 2922 885 2983; x_wconf 90' lang='lat' dir='ltr'>quod</span> <span class='ocrx_word' id='word_1_116' title='bbox 906 2921 1028 2986; x_wconf 85' lang='lat' dir='ltr'>pleraque</span> <span class='ocrx_word' id='word_1_117' title='bbox 1048 2931 1135 2965; x_wconf 82' lang='lat' dir='ltr'>cuma.</span> <span class='ocrx_word' id='word_1_118' title='bbox 1178 2914 1277 2963; x_wconf 83' lang='lat' dir='ltr'>Musas&#39;</span> 
     </span>
     <span class='ocr_line' id='line_1_18' title="bbox 164 2983 1277 3050; baseline -0.003 -16"><span class='ocrx_word' id='word_1_119' title='bbox 164 3001 188 3034; x_wconf 88' lang='lat' dir='ltr'>e.</span> <span class='ocrx_word' id='word_1_120' title='bbox 204 3001 229 3047; x_wconf 89' lang='lat' dir='ltr'>q.</span> <span class='ocrx_word' id='word_1_121' title='bbox 247 3000 269 3033; x_wconf 83' lang='lat' dir='ltr'>s.</span> <span class='ocrx_word' id='word_1_122' title='bbox 295 2983 540 3035; x_wconf 83' lang='lat' dir='ltr'>‘Casmeuarum</span> <span class='ocrx_word' id='word_1_123' title='bbox 562 2988 676 3050; x_wconf 85' lang='lat' dir='ltr'>priscum</span> <span class='ocrx_word' id='word_1_124' title='bbox 697 2989 851 3037; x_wconf 82' lang='lat' dir='ltr'>uocabulum</span> <span class='ocrx_word' id='word_1_125' title='bbox 868 2990 905 3037; x_wconf 89' lang='lat' dir='ltr'>ita</span> <span class='ocrx_word' id='word_1_126' title='bbox 923 2997 1009 3037; x_wconf 86' lang='lat' dir='ltr'>natum</span> <span class='ocrx_word' id='word_1_127' title='bbox 1033 3002 1063 3035; x_wconf 85' lang='lat' dir='ltr'>ac</span> <span class='ocrx_word' id='word_1_128' title='bbox 1085 2985 1208 3048; x_wconf 87' lang='lat' dir='ltr'>scriptum</span> <span class='ocrx_word' id='word_1_129' title='bbox 1225 2983 1277 3032; x_wconf 84' lang='lat' dir='ltr'>est’</span> 
     </span>
     <span class='ocr_line' id='line_1_19' title="bbox 164 3052 1279 3119; baseline -0.003 -17"><span class='ocrx_word' id='word_1_130' title='bbox 164 3069 187 3102; x_wconf 91' lang='lat' dir='ltr'>e.</span> <span class='ocrx_word' id='word_1_131' title='bbox 200 3069 225 3115; x_wconf 89' lang='lat' dir='ltr'>q.</span> <span class='ocrx_word' id='word_1_132' title='bbox 237 3069 258 3102; x_wconf 83' lang='lat' dir='ltr'>s.</span> <span class='ocrx_word' id='word_1_133' title='bbox 277 3052 498 3119; x_wconf 82' lang='lat' dir='ltr'>(camenarum</span> <span class='ocrx_word' id='word_1_134' title='bbox 512 3055 578 3103; x_wconf 83' lang='lat' dir='ltr'>Flur.</span> <span class='ocrx_word' id='word_1_135' title='bbox 596 3071 796 3106; x_wconf 85' lang='lat' dir='ltr'>camerarum</span> <span class='ocrx_word' id='word_1_136' title='bbox 811 3057 950 3106; x_wconf 87' lang='lat' dir='ltr'>Goth.Par.</span> <span class='ocrx_word' id='word_1_137' title='bbox 961 3073 986 3116; x_wconf 85' lang='lat' dir='ltr'>a,</span> <span class='ocrx_word' id='word_1_138' title='bbox 1000 3055 1142 3104; x_wconf 83' lang='lat' dir='ltr'>omllaun.</span> <span class='ocrx_word' id='word_1_139' title='bbox 1158 3066 1279 3101; x_wconf 65' lang='lat' dir='ltr'>came·</span> 
     </span>
     <span class='ocr_line' id='line_1_20' title="bbox 165 3119 1303 3192; baseline -0.004 -20"><span class='ocrx_word' id='word_1_140' title='bbox 165 3138 275 3172; x_wconf 83' lang='lat' dir='ltr'>aarum</span> <span class='ocrx_word' id='word_1_141' title='bbox 296 3123 353 3171; x_wconf 85' lang='lat' dir='ltr'>Par.</span> <span class='ocrx_word' id='word_1_142' title='bbox 372 3122 404 3186; x_wconf 84' lang='lat' dir='ltr'>b)</span> <span class='ocrx_word' id='word_1_143' title='bbox 428 3124 509 3173; x_wconf 79' lang='lat' dir='ltr'>Ennio</span> <span class='ocrx_word' id='word_1_144' title='bbox 526 3123 642 3190; x_wconf 79' lang='lat' dir='ltr'>Scaliger</span> <span class='ocrx_word' id='word_1_145' title='bbox 659 3126 764 3174; x_wconf 83' lang='lat' dir='ltr'>tribuit:</span> <span class='ocrx_word' id='word_1_146' title='bbox 794 3141 852 3175; x_wconf 80' lang='lat' dir='ltr'>cum</span> <span class='ocrx_word' id='word_1_147' title='bbox 872 3127 1004 3192; x_wconf 86' lang='lat' dir='ltr'>superiore</span> <span class='ocrx_word' id='word_1_148' title='bbox 1029 3123 1160 3173; x_wconf 81' lang='lat' dir='ltr'>coniunxit</span> <span class='ocrx_word' id='word_1_149' title='bbox 1181 3119 1279 3170; x_wconf 84' lang='lat' dir='ltr'>Merula</span> <span class='ocrx_word' id='word_1_150' title='bbox 1299 3172 1303 3177; x_wconf 62' lang='grc'><em>,</em></span> 
     </span>
    </p>
   </div>
   <div class='ocr_carea' id='block_1_8' title="bbox 165 3190 1278 3332">
    <p class='ocr_par' dir='ltr' id='par_1_10' title="bbox 165 3190 1278 3332">
     <span class='ocr_line' id='line_1_21' title="bbox 235 3190 1277 3263; baseline -0.004 -21"><span class='ocrx_word' id='word_1_151' title='bbox 235 3193 270 3242; x_wconf 91' lang='lat' dir='ltr'>lV</span> <span class='ocrx_word' id='word_1_152' title='bbox 288 3192 386 3242; x_wconf 82' lang='lat' dir='ltr'>Probus</span> <span class='ocrx_word' id='word_1_153' title='bbox 399 3207 425 3258; x_wconf 89' lang='lat' dir='ltr'>p.</span> <span class='ocrx_word' id='word_1_154' title='bbox 443 3193 506 3244; x_wconf 84' lang='lat'>1401</span> <span class='ocrx_word' id='word_1_155' title='bbox 519 3194 546 3242; x_wconf 89' lang='lat' dir='ltr'>P.</span> <span class='ocrx_word' id='word_1_156' title='bbox 563 3193 612 3259; x_wconf 78' lang='lat'>(57</span> <span class='ocrx_word' id='word_1_157' title='bbox 625 3193 718 3260; x_wconf 83' lang='lat' dir='ltr'>Lind.)</span> <span class='ocrx_word' id='word_1_158' title='bbox 734 3199 836 3245; x_wconf 86' lang='lat' dir='ltr'>‘neutro</span> <span class='ocrx_word' id='word_1_159' title='bbox 849 3212 942 3263; x_wconf 85' lang='lat' dir='ltr'>genere</span> <span class='ocrx_word' id='word_1_160' title='bbox 955 3197 982 3245; x_wconf 88' lang='lat' dir='ltr'>in</span> <span class='ocrx_word' id='word_1_161' title='bbox 994 3194 1096 3244; x_wconf 80' lang='lat' dir='ltr'>casibus</span> <span class='ocrx_word' id='word_1_162' title='bbox 1109 3190 1277 3257; x_wconf 78' lang='lat' dir='ltr'>supradictis·</span> 
     </span>
     <span class='ocr_line' id='line_1_22' title="bbox 165 3260 1278 3332; baseline -0.003 -20"><span class='ocrx_word' id='word_1_163' title='bbox 165 3263 216 3329; x_wconf 82' lang='lat' dir='ltr'>(sc.</span> <span class='ocrx_word' id='word_1_164' title='bbox 232 3276 301 3312; x_wconf 89' lang='lat' dir='ltr'>nom.</span> <span class='ocrx_word' id='word_1_165' title='bbox 316 3270 341 3312; x_wconf 85' lang='lat' dir='ltr'>et</span> <span class='ocrx_word' id='word_1_166' title='bbox 355 3260 425 3322; x_wconf 80' lang='lat' dir='ltr'>acc.)</span> <span class='ocrx_word' id='word_1_167' title='bbox 444 3263 514 3312; x_wconf 87' lang='lat' dir='ltr'>‘siue</span> <span class='ocrx_word' id='word_1_168' title='bbox 529 3263 697 3331; x_wconf 75' lang='lat' dir='ltr'>ambiguitate</span> <span class='ocrx_word' id='word_1_169' title='bbox 711 3265 797 3315; x_wconf 84' lang='lat' dir='ltr'>breuis</span> <span class='ocrx_word' id='word_1_170' title='bbox 812 3267 864 3316; x_wconf 87' lang='lat' dir='ltr'>est’</span> <span class='ocrx_word' id='word_1_171' title='bbox 880 3266 931 3332; x_wconf 82' lang='lat' dir='ltr'>(aa.</span> <span class='ocrx_word' id='word_1_172' title='bbox 947 3280 963 3314; x_wconf 85' lang='grc' dir='ltr'>ι</span> <span class='ocrx_word' id='word_1_173' title='bbox 978 3261 1076 3328; x_wconf 81' lang='lat' dir='ltr'>littera)</span> <span class='ocrx_word' id='word_1_174' title='bbox 1095 3261 1216 3313; x_wconf 83' lang='lat' dir='ltr'>‘Graecis</span> <span class='ocrx_word' id='word_1_175' title='bbox 1229 3260 1278 3309; x_wconf 81' lang='lat' dir='ltr'>La-</span> 
     </span>
    </p>
   </div>
   <div class='ocr_carea' id='block_1_9' title="bbox 164 3430 1279 4276">
    <p class='ocr_par' dir='ltr' id='par_1_11' title="bbox 164 3430 1278 3766">
     <span class='ocr_line' id='line_1_23' title="bbox 208 3430 1278 3522; baseline -0.007 -24"><span class='ocrx_word' id='word_1_176' title='bbox 208 3445 224 3498; x_wconf 96' lang='lat' dir='ltr'>l</span> <span class='ocrx_word' id='word_1_177' title='bbox 249 3454 329 3522; x_wconf 69' lang='lat' dir='ltr'>musq</span> <span class='ocrx_word' id='word_1_178' title='bbox 342 3437 423 3495; x_wconf 78' lang='lat' dir='ltr'>Flor.</span> <span class='ocrx_word' id='word_1_179' title='bbox 445 3467 453 3479; x_wconf 86' lang='grc'><strong>-</strong></span> <span class='ocrx_word' id='word_1_180' title='bbox 510 3437 650 3511; x_wconf 87' lang='lat' dir='ltr'>Olimpum</span> <span class='ocrx_word' id='word_1_181' title='bbox 664 3438 746 3495; x_wconf 75' lang='lat' dir='ltr'>Flor.</span> <span class='ocrx_word' id='word_1_182' title='bbox 762 3437 912 3511; x_wconf 81' lang='lat' dir='ltr'>Olympum</span> <span class='ocrx_word' id='word_1_183' title='bbox 933 3437 1019 3492; x_wconf 81' lang='lat' dir='ltr'>ceteri</span> <span class='ocrx_word' id='word_1_184' title='bbox 1038 3433 1186 3500; x_wconf 61' lang='lat' dir='ltr'>Varronis.</span> <span class='ocrx_word' id='word_1_185' title='bbox 1209 3430 1278 3489; x_wconf 80' lang='lat' dir='ltr'>Ser-</span> 
     </span>
     <span class='ocr_line' id='line_1_24' title="bbox 164 3518 1278 3596; baseline -0.004 -18"><span class='ocrx_word' id='word_1_186' title='bbox 164 3525 227 3579; x_wconf 66' lang='lat' dir='ltr'>uisu</span> <span class='ocrx_word' id='word_1_187' title='bbox 270 3581 272 3586; x_wconf 82' lang='grc'>,</span> <span class='ocrx_word' id='word_1_188' title='bbox 332 3529 350 3582; x_wconf 78' lang='lat'><em>2</em></span> <span class='ocrx_word' id='word_1_189' title='bbox 371 3539 469 3578; x_wconf 82' lang='lat' dir='ltr'>curua.</span> <span class='ocrx_word' id='word_1_190' title='bbox 488 3523 585 3580; x_wconf 82' lang='lat' dir='ltr'>Musas</span> <span class='ocrx_word' id='word_1_191' title='bbox 599 3539 669 3596; x_wconf 86' lang='lat' dir='ltr'>quas</span> <span class='ocrx_word' id='word_1_192' title='bbox 681 3522 815 3596; x_wconf 75' lang='lat' dir='ltr'>Scaliger.</span> <span class='ocrx_word' id='word_1_193' title='bbox 831 3539 981 3578; x_wconf 83' lang='lat' dir='ltr'>curuamus</span> <span class='ocrx_word' id='word_1_194' title='bbox 998 3524 1154 3590; x_wconf 80' lang='lat' dir='ltr'>(eur-uanus</span> <span class='ocrx_word' id='word_1_195' title='bbox 1165 3518 1236 3575; x_wconf 83' lang='lat' dir='ltr'>Par.</span> <span class='ocrx_word' id='word_1_196' title='bbox 1246 3522 1278 3586; x_wconf 83' lang='lat' dir='ltr'>a)</span> 
     </span>
     <span class='ocr_line' id='line_1_25' title="bbox 165 3605 1278 3681; baseline -0.004 -19"><span class='ocrx_word' id='word_1_197' title='bbox 165 3623 199 3662; x_wconf 79' lang='lat' dir='ltr'>aa</span> <span class='ocrx_word' id='word_1_198' title='bbox 221 3611 264 3678; x_wconf 89' lang='lat' dir='ltr'>(at</span> <span class='ocrx_word' id='word_1_199' title='bbox 277 3606 374 3663; x_wconf 82' lang='lat' dir='ltr'>Huun.</span> <span class='ocrx_word' id='word_1_200' title='bbox 394 3607 432 3663; x_wconf 89' lang='lat' dir='ltr'>ad</span> <span class='ocrx_word' id='word_1_201' title='bbox 446 3607 518 3665; x_wconf 83' lang='lat' dir='ltr'>Pur.</span> <span class='ocrx_word' id='word_1_202' title='bbox 534 3608 564 3678; x_wconf 81' lang='lat' dir='ltr'>b)</span> <span class='ocrx_word' id='word_1_203' title='bbox 586 3625 657 3680; x_wconf 91' lang='lat' dir='ltr'>quas</span> <span class='ocrx_word' id='word_1_204' title='bbox 678 3610 765 3681; x_wconf 88' lang='lat' dir='ltr'>(quae</span> <span class='ocrx_word' id='word_1_205' title='bbox 786 3607 858 3664; x_wconf 84' lang='lat' dir='ltr'>Par.</span> <span class='ocrx_word' id='word_1_206' title='bbox 872 3625 890 3663; x_wconf 91' lang='grc' dir='ltr'><em>α</em></span> <span class='ocrx_word' id='word_1_207' title='bbox 904 3607 935 3676; x_wconf 81' lang='lat' dir='ltr'>l)</span> <span class='ocrx_word' id='word_1_208' title='bbox 957 3607 1028 3662; x_wconf 75' lang='lat' dir='ltr'>libri</span> <span class='ocrx_word' id='word_1_209' title='bbox 1052 3623 1150 3662; x_wconf 83' lang='lat' dir='ltr'>curua.</span> <span class='ocrx_word' id='word_1_210' title='bbox 1179 3605 1278 3659; x_wconf 82' lang='lat' dir='ltr'>Musae</span> 
     </span>
     <span class='ocr_line' id='line_1_26' title="bbox 165 3689 1232 3766; baseline -0.002 -18"><span class='ocrx_word' id='word_1_211' title='bbox 165 3709 236 3764; x_wconf 91' lang='lat' dir='ltr'>quas</span> <span class='ocrx_word' id='word_1_212' title='bbox 255 3691 417 3765; x_wconf 75' lang='lat' dir='ltr'>Spertgelt‘ua</span> <span class='ocrx_word' id='word_1_213' title='bbox 500 3692 564 3766; x_wconf 87' lang='lat' dir='ltr'>Graj</span> <span class='ocrx_word' id='word_1_214' title='bbox 587 3711 640 3750; x_wconf 84' lang='lat' dir='ltr'>um.</span> <span class='ocrx_word' id='word_1_215' title='bbox 661 3693 734 3748; x_wconf 73' lang='lat' dir='ltr'>libri.</span> <span class='ocrx_word' id='word_1_216' title='bbox 753 3699 909 3749; x_wconf 86' lang='lat' dir='ltr'>memorant</span> <span class='ocrx_word' id='word_1_217' title='bbox 930 3692 995 3747; x_wconf 89' lang='lat' dir='ltr'>Grai</span> <span class='ocrx_word' id='word_1_218' title='bbox 1017 3689 1049 3748; x_wconf 87' lang='lat'>0.</span> <span class='ocrx_word' id='word_1_219' title='bbox 1064 3689 1232 3746; x_wconf 72' lang='lat' dir='ltr'>Maelianu-</span> 
     </span>
    </p>

    <p class='ocr_par' dir='ltr' id='par_1_12' title="bbox 164 3775 1279 4276">
     <span class='ocr_line' id='line_1_27' title="bbox 207 3775 1278 3848; baseline -0.007 -14"><span class='ocrx_word' id='word_1_220' title='bbox 207 3784 344 3834; x_wconf 86' lang='lat' dir='ltr'>memorat</span> <span class='ocrx_word' id='word_1_221' title='bbox 356 3776 454 3835; x_wconf 80' lang='lat' dir='ltr'>Haun.</span> <span class='ocrx_word' id='word_1_222' title='bbox 540 3795 598 3835; x_wconf 83' lang='lat' dir='ltr'>nos</span> <span class='ocrx_word' id='word_1_223' title='bbox 615 3777 827 3848; x_wconf 85' lang='lat' dir='ltr'>Casmenarum]</span> <span class='ocrx_word' id='word_1_224' title='bbox 850 3794 936 3834; x_wconf 78' lang='lat' dir='ltr'>nosce</span> <span class='ocrx_word' id='word_1_225' title='bbox 961 3794 1013 3832; x_wconf 90' lang='lat' dir='ltr'>nos</span> <span class='ocrx_word' id='word_1_226' title='bbox 1036 3778 1068 3832; x_wconf 68' lang='lat' dir='ltr'>ee</span> <span class='ocrx_word' id='word_1_227' title='bbox 1091 3775 1170 3831; x_wconf 78' lang='lat' dir='ltr'>Flor.</span> <span class='ocrx_word' id='word_1_228' title='bbox 1191 3788 1278 3841; x_wconf 81' lang='lat' dir='ltr'>nosce</span> 
     </span>
     <span class='ocr_line' id='line_1_28' title="bbox 165 3857 1279 3920; baseline -0.007 -2"><span class='ocrx_word' id='word_1_229' title='bbox 165 3880 217 3919; x_wconf 88' lang='lat' dir='ltr'>nos</span> <span class='ocrx_word' id='word_1_230' title='bbox 235 3880 300 3919; x_wconf 88' lang='lat' dir='ltr'>esse</span> <span class='ocrx_word' id='word_1_231' title='bbox 317 3861 388 3918; x_wconf 84' lang='lat' dir='ltr'>Pur.</span> <span class='ocrx_word' id='word_1_232' title='bbox 402 3862 457 3918; x_wconf 79' lang='lat' dir='ltr'>ula</span> <span class='ocrx_word' id='word_1_233' title='bbox 476 3880 561 3920; x_wconf 88' lang='lat' dir='ltr'>nosse</span> <span class='ocrx_word' id='word_1_234' title='bbox 580 3880 632 3919; x_wconf 87' lang='lat' dir='ltr'>nos</span> <span class='ocrx_word' id='word_1_235' title='bbox 647 3880 712 3919; x_wconf 84' lang='lat' dir='ltr'>esse</span> <span class='ocrx_word' id='word_1_236' title='bbox 729 3863 808 3920; x_wconf 76' lang='lat' dir='ltr'>Goth.</span> <span class='ocrx_word' id='word_1_237' title='bbox 828 3879 914 3919; x_wconf 87' lang='lat' dir='ltr'>nosse</span> <span class='ocrx_word' id='word_1_238' title='bbox 933 3879 999 3918; x_wconf 89' lang='lat' dir='ltr'>esse</span> <span class='ocrx_word' id='word_1_239' title='bbox 1013 3860 1110 3916; x_wconf 67' lang='lat' dir='ltr'>Baua.</span> <span class='ocrx_word' id='word_1_240' title='bbox 1129 3857 1279 3914; x_wconf 87' lang='lat' dir='ltr'>Casmena-</span> 
     </span>
     <span class='ocr_line' id='line_1_29' title="bbox 164 3941 1278 4020; baseline -0.009 -17"><span class='ocrx_word' id='word_1_241' title='bbox 164 3964 226 4003; x_wconf 85' lang='lat' dir='ltr'>rum</span> <span class='ocrx_word' id='word_1_242' title='bbox 237 3949 302 4004; x_wconf 79' lang='lat' dir='ltr'>auu.</span> <span class='ocrx_word' id='word_1_243' title='bbox 310 3946 482 4020; x_wconf 63' lang='lat' dir='ltr'>smum.</span> <span class='ocrx_word' id='word_1_244' title='bbox 493 3965 545 4004; x_wconf 87' lang='lat' dir='ltr'>nos</span> <span class='ocrx_word' id='word_1_245' title='bbox 555 3949 667 4003; x_wconf 86' lang='lat' dir='ltr'>nomine</span> <span class='ocrx_word' id='word_1_246' title='bbox 676 3947 876 4004; x_wconf 84' lang='lat' dir='ltr'>Casmenarum</span> <span class='ocrx_word' id='word_1_247' title='bbox 890 3946 1090 4002; x_wconf 61' lang='lat' dir='ltr'>&amp;Muellerum</span> <span class='ocrx_word' id='word_1_248' title='bbox 1107 3960 1159 3998; x_wconf 90' lang='lat' dir='ltr'>nos</span> <span class='ocrx_word' id='word_1_249' title='bbox 1171 3941 1278 3996; x_wconf 76' lang='lat' dir='ltr'>ciamus</span> 
     </span>
     <span class='ocr_line' id='line_1_30' title="bbox 166 4026 1277 4100; baseline -0.002 -13"><span class='ocrx_word' id='word_1_250' title='bbox 166 4049 213 4087; x_wconf 85' lang='lat' dir='ltr'>sas</span> <span class='ocrx_word' id='word_1_251' title='bbox 228 4033 382 4088; x_wconf 85' lang='lat' dir='ltr'>Casmenas</span> <span class='ocrx_word' id='word_1_252' title='bbox 399 4033 434 4088; x_wconf 81' lang='grc' dir='ltr'>Α.</span> <span class='ocrx_word' id='word_1_253' title='bbox 448 4032 572 4090; x_wconf 76' lang='lat' dir='ltr'>Kocht&#39;ua</span> <span class='ocrx_word' id='word_1_254' title='bbox 583 4033 690 4089; x_wconf 74' lang='lat' dir='ltr'>Exere.</span> <span class='ocrx_word' id='word_1_255' title='bbox 706 4036 768 4089; x_wconf 83' lang='lat' dir='ltr'>crit.</span> <span class='ocrx_word' id='word_1_256' title='bbox 783 4033 901 4089; x_wconf 82' lang='lat' dir='ltr'>Bortnue</span> <span class='ocrx_word' id='word_1_257' title='bbox 916 4037 984 4091; x_wconf 82' lang='lat'>1851</span> <span class='ocrx_word' id='word_1_258' title='bbox 999 4036 1062 4100; x_wconf 65' lang='grc' dir='ltr'>μδ</span> <span class='ocrx_word' id='word_1_259' title='bbox 1166 4032 1184 4085; x_wconf 81' lang='grc'>3</span> <span class='ocrx_word' id='word_1_260' title='bbox 1206 4026 1277 4079; x_wconf 74' lang='lat' dir='ltr'>laios</span> 
     </span>
     <span class='ocr_line' id='line_1_31' title="bbox 165 4108 1194 4192; baseline -0.004 -21"><span class='ocrx_word' id='word_1_261' title='bbox 165 4133 216 4188; x_wconf 83' lang='lat' dir='ltr'>per</span> <span class='ocrx_word' id='word_1_262' title='bbox 234 4120 355 4188; x_wconf 83' lang='lat' dir='ltr'>populos</span> <span class='ocrx_word' id='word_1_263' title='bbox 376 4119 480 4190; x_wconf 64' lang='lat' dir='ltr'>remitti</span> <span class='ocrx_word' id='word_1_264' title='bbox 492 4134 556 4175; x_wconf 75' lang='lat' dir='ltr'>eram</span> <span class='ocrx_word' id='word_1_265' title='bbox 570 4117 610 4174; x_wconf 80' lang='grc' dir='ltr'>Η.</span> <span class='ocrx_word' id='word_1_266' title='bbox 624 4116 756 4192; x_wconf 70' lang='lat' dir='ltr'>illei-gia.</span> <span class='ocrx_word' id='word_1_267' title='bbox 783 4134 848 4173; x_wconf 86' lang='lat' dir='ltr'>nam</span> <span class='ocrx_word' id='word_1_268' title='bbox 863 4119 935 4172; x_wconf 87' lang='lat' dir='ltr'>latos</span> <span class='ocrx_word' id='word_1_269' title='bbox 950 4115 1071 4187; x_wconf 85' lang='lat' dir='ltr'>populos</span> <span class='ocrx_word' id='word_1_270' title='bbox 1084 4108 1194 4167; x_wconf 66' lang='lat' dir='ltr'>Prota</span> 
     </span>
     <span class='ocr_line' id='line_1_32' title="bbox 166 4192 1277 4276; baseline -0.005 -23"><span class='ocrx_word' id='word_1_271' title='bbox 166 4206 308 4273; x_wconf 85' lang='lat' dir='ltr'>terrasque</span> <span class='ocrx_word' id='word_1_272' title='bbox 329 4201 368 4258; x_wconf 80' lang='grc' dir='ltr'>Η.</span> <span class='ocrx_word' id='word_1_273' title='bbox 384 4200 529 4276; x_wconf 72' lang='lat' dir='ltr'>Illergias.</span> <span class='ocrx_word' id='word_1_274' title='bbox 549 4219 597 4259; x_wconf 83' lang='lat' dir='ltr'>res</span> <span class='ocrx_word' id='word_1_275' title='bbox 617 4209 700 4274; x_wconf 85' lang='lat' dir='ltr'>atque</span> <span class='ocrx_word' id='word_1_276' title='bbox 720 4202 831 4259; x_wconf 71' lang='lat' dir='ltr'>Probas</span> <span class='ocrx_word' id='word_1_277' title='bbox 937 4205 956 4258; x_wconf 79' lang='lat'>4</span> <span class='ocrx_word' id='word_1_278' title='bbox 977 4200 1053 4254; x_wconf 82' lang='lat' dir='ltr'>clara</span> <span class='ocrx_word' id='word_1_279' title='bbox 1072 4193 1113 4250; x_wconf 81' lang='grc' dir='ltr'>Η.</span> <span class='ocrx_word' id='word_1_280' title='bbox 1133 4192 1277 4268; x_wconf 76' lang='lat' dir='ltr'>Illergt‘as,</span> 
     </span>
    </p>
   </div>
   <div class='ocr_carea' id='block_1_10' title="bbox 1026 4291 1073 4356">
    <p class='ocr_par' dir='ltr' id='par_1_13' title="bbox 1026 4291 1073 4356">
     <span class='ocr_line' id='line_1_33' title="bbox 1026 4291 1073 4356; baseline 0 -30"><span class='ocrx_word' id='word_1_281' title='bbox 1026 4291 1073 4356; x_wconf 70' lang='lat'>1.</span> 
     </span>
    </p>
   </div>
   <div class='ocr_carea' id='block_1_11' title="bbox 0 0 1471 4942">
    <p class='ocr_par' dir='ltr' id='par_1_14' title="bbox 0 0 1471 4942">
     <span class='ocr_line' id='line_1_34' title="bbox 0 0 1471 4942; baseline 0 0"><span class='ocrx_word' id='word_1_282' title='bbox 0 0 1471 4942; x_wconf 95' lang='lat' dir='ltr'> </span> 
     </span>
    </p>
   </div>
  </div>
 </body>
</html>
