2932 4942
619 342 846 398 ΕΝΝΙΑΝΑΕ
1146 355 1287 402 LXXXIII

173 524 229 578 qua
246 508 357 576 primeca
381 507 513 576 insignem
536 508 645 563 lacedem
668 511 784 580 adeptus
808 512 929 566 Lucilius
946 543 989 551 -
1005 545 1048 553 —
1068 515 1185 570 emtditio
1204 517 1233 569 iu
1254 532 1285 571 eo

172 614 245 665 mira
277 617 303 666 et
330 612 442 667 libertas
467 618 549 683 atqie
573 614 637 669 inde
664 615 801 670 acerbitas
827 624 853 671 et
881 619 989 673 abunde
1012 621 1088 674 salis.
1138 620 1225 677 Multo
1245 630 1287 677 est

172 721 272 773 tersior
298 736 333 773 ao
360 732 454 790 partos
482 723 570 790 magis
596 720 731 776 Horatius
756 729 782 776 et
811 724 851 777 ad
871 725 1005 780 notandos
1029 725 1167 781 bominum
1194 744 1286 784 moros

166 827 350 896 praecipuas.
411 824 528 880 linoltum
556 833 583 880 et
609 842 696 881 uerae
729 831 836 900 gloriae
859 832 985 899 quamuis
1008 847 1063 885 rouo
1084 832 1152 887 libro
1170 834 1286 888 Persius

171 933 272 985 meruit
294 963 337 971 —
362 933 479 987 atterum
508 933 576 987 illuct
600 936 681 987 etiam
708 937 793 1006 priato
813 942 928 989 saturae
947 950 1050 1006 pensis,
1078 937 1204 992 sednon
1225 941 1284 994 sota

171 1038 325 1091 carminum
356 1039 489 1092 uarietate
508 1041 624 1094 tutatum
649 1041 769 1095 condidit
792 1041 937 1095 Terentius
964 1040 1057 1095 Varro
1077 1045 1124 1097 uir
1143 1043 1283 1100 Romano-

170 1158 234 1197 rum
252 1143 458 1199 emedittssimus.
512 1138 548 1197 Ni
585 1142 684 1199 mirum
718 1142 812 1200 altero
843 1141 893 1200 illo
927 1142 1012 1200 etiam
1045 1144 1142 1219 priore
1168 1155 1284 1205 saturae

170 1262 281 1321 genere
304 1245 460 1304 Ennianum
483 1244 661 1306 hauddubie
682 1256 807 1307 saturam
829 1247 988 1323 significat:
1012 1249 1057 1306 cui
1082 1267 1146 1307 oum
1168 1259 1282 1308 oetero-

171 1351 239 1428 qnin
253 1352 409 1428 persimilis
421 1361 502 1410 esset
516 1352 708 1429 varroniana,
724 1371 760 1412 eo
773 1354 898 1413 distabat
913 1354 990 1430 qnod
1009 1363 1039 1413 et
1057 1344 1180 1414 solutam
1198 1354 1282 1414 simul

170 1467 200 1518 et
225 1461 313 1518 uariis
333 1458 506 1518 carminibus
523 1459 645 1517 uinctam
662 1461 823 1518 orationem
837 1460 1086 1538 repraesentabat.
1132 1460 1191 1519 Sed
1212 1460 1281 1520 doo-

170 1569 228 1625 tior
255 1567 329 1625 haec
354 1565 534 1624 Varroniano
556 1582 591 1622 ac
616 1566 822 1643 multipliciore
849 1565 969 1624 forsitan
998 1574 1168 1642 argumento
1199 1584 1283 1643 quam

170 1674 299 1733 Enniana
329 1673 431 1731 inerit:
463 1670 627 1748 aequalium
658 1681 753 1731 autem
783 1672 960 1730 cauillationi
987 1673 1152 1750 acriorique
1173 1689 1282 1731 morum

170 1798 313 1840 censurae
346 1787 476 1837 neutram
507 1778 646 1865 insignius
681 1777 806 1848 deditam
836 1779 1032 1836 existimarim.
1092 1777 1125 1836 lu
1159 1796 1215 1856 qua
1248 1796 1280 1836 re

170 1889 362 1966 principatum
386 1886 497 1944 obtinet
517 1884 660 1956 Lucilius,
684 1883 761 1942 unde
781 1889 890 1959 potitae
911 1884 959 1961 qui
983 1893 1087 1961 postea
1109 1886 1137 1942 in
1156 1884 1213 1943 boo
1227 1902 1279 1961 ge-

169 2012 240 2052 nere
266 1994 417 2067 claruere,
450 1993 580 2051 colorem
606 1988 748 2068 quendam
776 2007 811 2047 ac
838 2006 965 2048 normam
992 1992 1131 2050 nsateriae
1157 2007 1280 2067 recepe·

169 2107 243 2157 runt.
289 2096 400 2170 Quibus
424 2116 487 2157 cum
510 2097 560 2156 ille
583 2098 622 2155 nti
646 2095 704 2153 dixi
728 2095 812 2152 etiam
835 2094 1069 2154 hexametrorum
1091 2113 1173 2155 nsum
1196 2113 1281 2174 prae-

169 2205 287 2278 inisset,
312 2203 378 2262 inde
406 2221 463 2261 non
493 2204 593 2261 iniuria
618 2201 754 2258 Horatius
777 2200 854 2277 (Sat.
879 2200 891 2259 l
919 2202 972 2275 lt),
995 2199 1051 2279 48)
1081 2204 1143 2261 eius
1166 2210 1281 2261 saturae

169 2327 254 2387 mam
278 2310 390 2386 etipse
413 2309 503 2367 coluit
524 2317 553 2366 et
573 2306 691 2366 Persius
714 2324 750 2364 ac
771 2304 916 2366 luuenalis
940 2309 1119 2367 inuentorem
1141 2308 1279 2368 Lucilium

169 2414 343 2492 adpellauit,
364 2416 446 2473 cuins
470 2424 564 2474 tamen
584 2413 697 2493 poesim
719 2410 855 2470 falluntur
878 2415 902 2471 si
925 2415 972 2490 qui
995 2431 1106 2491 genere
1126 2431 1160 2471 ac
1181 2421 1280 2472 natum

168 2521 205 2580 ab
228 2519 312 2579 Ennii
334 2528 431 2579 satura
454 2518 562 2578 distare
583 2517 773 2577 arbitrentur:
793 2519 877 2577 immo
900 2535 1000 2579 omnes
1025 2522 1072 2598 qni
1095 2520 1123 2577 in
1150 2518 1194 2578 his
1218 2536 1280 2578 aar·

168 2624 289 2684 minibus
305 2624 492 2685 elaborarunt
513 2631 621 2704 po'etae
645 2623 765 2683 Romani
785 2624 822 2684 ab
844 2625 937 2685 Ennio
966 2627 1000 2686 ad
1022 2625 1188 2686 quenalem
1208 2633 1280 2704 pob-

168 2730 220 2787 sim
243 2747 294 2787 sna
315 2739 415 2790 natura
444 2749 528 2791 unam
555 2732 672 2807 iugenio
700 2738 795 2789 antem
819 2739 968 2809 poetaram
994 2735 1130 2793 uariatam
1152 2748 1224 2808 prae
1247 2748 1280 2791 se

168 2835 272 2894 lerunt.
318 2836 383 2910 Qua
407 2855 438 2895 re
459 2837 595 2897 Horatius
623 2837 700 2913 (Sat.
726 2834 739 2893 1
768 2837 823 2911 to,
852 2838 909 2915 66)
940 2858 1004 2898 cnm
1031 2837 1151 2897 Graecis
1181 2837 1278 2895 intacti

168 2945 302 3002 cauninIs
329 2952 478 3002 auctorem
508 2943 605 3003 landet
637 2941 759 2999 Ennium
790 2942 927 3018 (Ennium
949 2946 1024 3003 enim
1047 2942 1085 3000 ibi
1107 2958 1177 3013 neo,
1201 2940 1278 3017 quod

169 3058 235 3125 post
262 3048 336 3107 alios
360 3046 393 3107 C.
419 3046 451 3106 F.
474 3050 653 3107 Hermannus
676 3063 776 3123 progr.
805 3046 887 3106 acad.
911 3046 1002 3105 blarb.
1031 3045 1107 3105 1841
1133 3044 1277 3120 narrabat,

167 3153 306 3214 Lucilium
328 3155 385 3214 dici
414 3155 535 3232 propius
564 3153 653 3213 uerba
680 3160 788 3231 poetae
812 3154 929 3211 intuitus
960 3152 1119 3229 concedet)
1152 3170 1208 3210 neo
1231 3170 1277 3211 se·

169 3278 233 3318 oum
261 3262 324 3338 ipse
355 3270 477 3338 pugnat,
507 3262 555 3338 qui
584 3260 713 3319 eiusdem
739 3268 854 3317 saturae
874 3260 1053 3318 inuentorem
1076 3257 1214 3317 Lucilium
1236 3258 1277 3317 di·

167 3365 258 3440 xerit,
284 3384 339 3425 neo
362 3386 377 3425 a
400 3370 442 3426 rei
464 3369 586 3425 ueritate
605 3364 753 3425 abhorret.

252 3471 313 3530 Nisi
334 3474 399 3550 quis
421 3472 487 3531 ideo
504 3472 670 3531 translatam
685 3489 701 3531 a
717 3469 838 3529 Graecis
857 3479 983 3530 saturam
1001 3471 1181 3547 existimarit,
1201 3472 1278 3551 quod

167 3586 215 3636 aut
235 3576 361 3635 Lucilius
389 3579 547 3636 seueritate
572 3578 764 3637 cauillationis
791 3578 935 3653 antiquam
956 3576 1132 3636 Graecorum
1161 3596 1277 3638 comoe-

167 3682 242 3742 diam
263 3681 439 3742 aemulatur:
463 3691 511 3741 aut
526 3681 634 3741 Ennius
658 3682 866 3742 eGraeeorum
889 3681 995 3740 iabnlis
1017 3683 1041 3740 si
1064 3685 1130 3762 quid
1151 3703 1276 3745 commo·

167 3787 232 3846 dam
260 3788 408 3846 uideretur
438 3805 518 3846 susim
536 3788 563 3844 in
585 3806 666 3847 usum
689 3790 846 3846 conuertit:
875 3787 955 3845 uelut
977 3787 1090 3866 Aesopi
1112 3789 1148 3849 de
1171 3793 1278 3851 cassita

166 3892 296 3952 tabulam
308 3891 414 3951 Latinis
431 3891 565 3951 uersibus
584 3894 732 3970 expressit
753 3890 826 3967 (inc.
850 3901 904 3951 sat.
924 3891 996 3971 lV):
1020 3901 1107 3970 atque
1127 3912 1190 3953 eam
1213 3912 1276 3953 nar·

166 3997 354 4057 ratiunculam
385 3997 422 4056 de
449 4015 503 4075 qna
532 3998 579 4058 bio
608 4017 710 4057 uersus
734 3997 844 4057 residet
870 4003 965 4057 stabulo
993 4004 1131 4074 quondam
1153 4006 1279 4059 marinas

160 4114 281 4179 propter
308 4106 436 4159 adstabat
453 4107 557 4178 plagas
585 4104 657 4179 (ino.
686 4113 740 4162 sat.
762 4103 817 4181 Vl)
840 4105 876 4164 ab
893 4102 1043 4162 Herodoto
1062 4102 1244 4182 deprompsit
1264 4104 1277 4165 l

110 4278 122 4303 ι
169 4207 242 4264 141;
263 4199 363 4277 Ἴωνες
391 4203 424 4266 δὲ
452 4205 502 4265 καὶ
525 4205 659 4282 Αἰολέες,
687 4201 727 4281 ὡς
746 4210 777 4269 οἱ
794 4207 892 4272 Λυδοὶ
914 4200 1034 4286 τάχιστα
1057 4199 1277 4288 κατεστράφατο

1032 4302 1067 4363 l*
