2932 4942
149 368 235 416 xxiv
549 353 859 425 Qvnsssilottiis

149 525 221 589 sede
247 523 393 599 admisso,
422 538 480 582 non
502 520 646 602 aptiorem
668 521 873 599 occasionem,
905 543 989 605 qnam
1021 535 1052 586 ut
1075 527 1112 587 ab
1141 526 1260 587 Homeri

149 632 305 696 simulacro
324 628 502 712 proferatur,
521 628 657 707 dispicio.
701 626 848 690 (laemleo
870 633 945 692 enirn
970 650 1097 714 corpore
1120 636 1259 696 cortinam

149 738 230 815 dicit,
248 736 276 798 ni
292 735 390 814 iallor,
409 735 533 812 caelum,
555 735 685 795 ‘circum
701 753 848 816 supraque
861 739 940 818 qnod
956 741 1113 821 complexu
1130 743 1261 801 continet

150 846 279 924 terram',
301 854 333 905 ut
354 862 371 905 e
391 842 518 904 Pacuuio
539 840 634 901 Varro
656 842 753 904 adlert
773 842 811 903 de
832 842 863 905 L.
886 843 917 905 i..
940 845 966 904 V
992 848 1028 908 17
1049 846 1086 907 ll.
1117 865 1155 908 eo
1179 848 1260 922 loco,

150 954 200 1034 qui
224 951 308 1034 plura
331 950 419 1012 habet
441 968 517 1032 quae
540 968 605 1011 oum
628 947 765 1009 Ennianis
787 962 949 1029 congruant
970 954 1133 1015 sententiis.
1171 951 1259 1016 Cete-

14 1064 22 1075 '
151 1079 231 1138 rum,
251 1068 282 1121 ut
304 1059 361 1121 lroc
381 1076 456 1119 nnnc
483 1058 577 1119 dicam
607 1058 752 1137 apertius,
783 1056 861 1136 quod
889 1058 926 1119 ab
957 1058 992 1119 0.
1022 1059 1182 1139 lluellero,
1212 1063 1261 1142 qni

151 1167 275 1249 egregie
296 1184 412 1228 uersum
434 1164 513 1225 illum
531 1165 682 1242 emendat,
706 1165 766 1225 uitii
789 1164 931 1243 originem
953 1184 1053 1245 parurn
1075 1177 1262 1248 perspectam

151 1296 220 1341 csse
240 1273 416 1355 significaui:
436 1288 494 1331 non
509 1269 651 1332 credibile
667 1279 723 1347 est,
744 1272 811 1333 milri
829 1273 955 1350 quidem,
978 1275 1006 1334 in
1021 1274 1065 1335 lris
1084 1275 1262 1354 cormptelia

151 1403 276 1465 quosqam
296 1389 325 1443 in
351 1381 444 1442 latere
470 1398 542 1458 puae
562 1398 655 1439 cona:
684 1387 786 1439 contra
806 1399 879 1441 caua
902 1381 1095 1458 uocabulum,
1126 1396 1184 1461 quo
1201 1398 1261 1441 orn·

152 1492 220 1553 nino
242 1489 338 1551 careri
359 1504 417 1548 non
434 1503 525 1568 posse
547 1485 641 1548 Varro
665 1484 810 1564 ostendit,
840 1506 857 1547 e
879 1507 968 1548 causo
997 1504 1073 1549 uoce
1096 1488 1183 1549 elicio
1205 1489 1262 1565 (ci.

151 1588 241 1661 Ann'
256 1595 341 1678 420)
381 1614 416 1656 ac
449 1612 501 1653 sua
534 1591 606 1652 sede
641 1593 717 1654 unde
744 1603 877 1655 cesserat
911 1611 1042 1674 repono:
1080 1616 1205 1674 quaeque
1234 1604 1265 1658 iss

152 1716 248 1770 autem
276 1722 334 1764 non
357 1703 463 1766 distant
489 1701 553 1761 lere
581 1698 618 1760 ab
646 1700 692 1760 iris
724 1720 799 1780 quae
821 1710 886 1762 sunt
903 1720 974 1777 patae
994 1722 1090 1781 qoem,
1117 1715 1265 1783 quaeest

151 1833 205 1893 qua
230 1812 355 1874 uoculae
390 1807 596 1888 dittographia.
647 1807 679 1867 ln
718 1817 849 1870 extremo
878 1808 1051 1888 prohoemio
1088 1811 1262 1871 conlocatus

152 1920 206 1983 init
232 1936 353 1995 uersus,
393 1935 450 1998 quo
475 1916 591 1978 Persius
620 1917 707 1976 utitur
733 1916 793 1978 Sat.
817 1917 854 1994 6,
883 1916 903 1978 9
927 1915 1033 1997 (XV),
1067 1935 1153 1996 quem
1183 1921 1263 1999 quod

152 2027 282 2088 editores
298 2026 410 2085 somnio
428 2031 627 2104 praeponunt,
647 2021 807 2082 oscitanter
821 2021 951 2084 Persium
966 2023 1142 2104 inspexere,
1162 2027 1264 2106 quial

154 2142 331 2215 experrecto
356 2139 444 2211 poeta
459 2121 586 2209 ‘portum
601 2127 707 2189 Lunae'
732 2128 842 2191 laudari
864 2129 1001 2192 iudicauit
1017 2142 1136 2213 aperte:
1161 2125 1262 2212 inquo

154 2249 240 2322 portu
258 2237 380 2298 Ennium
402 2233 473 2295 illud
493 2231 625 2295 mirabile
646 2236 787 2296 somnium
808 2238 917 2300 uidisse
940 2241 1078 2302 conicias.
1116 2239 1162 2300 De
1184 2237 1262 2301 luna

154 2348 222 2429 quid
244 2355 362 2408 ueteres
377 2341 556 2417 tradiderint,
575 2338 642 2401 uide
657 2341 685 2400 in
697 2339 731 2400 0.
743 2340 838 2404 laonii
854 2346 889 2407 ad
901 2346 1031 2408 Persium
1045 2346 1264 2407 commentario.

239 2453 307 2535 lpsa
330 2451 456 2513 narratio
479 2448 629 2509 exorditur
649 2466 665 2509 a
686 2447 925 2514 rebusAeueae:
949 2454 985 2517 ad
1008 2473 1095 2534 quem
1111 2470 1265 2534 quaepcr-

155 2564 247 2624 tinent
268 2567 318 2621 aut
340 2558 491 2619 uideantur
504 2557 652 2636 pertinere
671 2555 832 2633 fragmenta
855 2559 942 2623 hodie
960 2562 1159 2640 duodeuiginti
1175 2579 1266 2642 super

156 2677 222 2731 sunt
245 2663 523 2747 (xvi-xxxin).
562 2661 672 2724 Eorum
694 2683 799 2742 agmen
814 2665 951 2746 ducitis,
976 2688 1061 2749 quem
1077 2677 1107 2728 et
1122 2668 1191 2728 olim
1207 2670 1265 2749 pri·

156 2795 232 2840 mum
254 2774 346 2837 luisse
367 2756 539 2831 narrationis
562 2771 679 2849 opinor,
700 2790 805 2832 uersus
826 2791 843 2833 a
866 2774 1014 2837 Prisciano
1039 2774 1080 2836 lll
1106 2792 1135 2853 p.
1156 2774 1218 2835 607
1231 2773 1262 2835 P.

156 2884 290 2947 laudatus
314 2875 426 2959 (xri),
459 2876 542 2936 cuius
562 2886 593 2937 ut
616 2878 702 2958 plana
724 2889 770 2940 est
793 2883 954 2960 sententia,
974 2886 1011 2944 ita
1033 2900 1091 2943 nou
1113 2882 1219 2945 diutius
1237 2882 1267 2941 in

157 2988 264 3051 Troiae
283 2987 365 3048 ruina
378 2992 593 3047 commoratum
618 2993 736 3066 poetam
751 2987 888 3048 ostendit.
952 2988 1098 3050 Anchises
1116 3008 1132 3050 a
1149 2989 1267 3051 Venere

156 3096 279 3159 edoctus
303 3094 424 3175 patriam
443 3091 522 3153 iubet
542 3092 667 3174 relinqui
691 3095 820 3176 (xvll):
844 3097 882 3156 ita
906 3114 1008 3155 uersus
1030 3098 1161 3178 accipio,
1191 3114 1267 3177 quos

155 3207 224 3269 olim
242 3221 397 3287 perperam
419 3199 641 3279 intellegebant,
664 3221 700 3264 ac
721 3204 801 3264 lauet
820 3204 995 3280 sententiae,
1014 3204 1093 3284 quod
1109 3204 1267 3280 Dionysius

154 3309 421 3373 Halicarnassennis
442 3309 541 3388 Antip.
568 3307 651 3370 Rom.
675 3309 751 3372 148
782 3329 810 3390 p.
839 3309 897 3371 120
920 3309 1022 3372 Reisk.
1049 3312 1086 3372 de
1109 3312 1267 3393 Soplroclis

156 3417 325 3479 Laocoonte
354 3415 458 3493 tradit,
487 3417 667 3494 quantumuis
693 3419 866 3497 ceteroquin
895 3436 930 3477 ea
957 3419 1109 3496 tragoedia
1135 3420 1223 3480 distet
1250 3437 1267 3480 a

157 3525 296 3586 memoria
327 3521 425 3583 Ennii:
467 3524 626 3600 Σοφοκλῆς
653 3517 708 3598 μὲν
733 3515 749 3584 ὁ
782 3519 1002 3610 τραγῳδοποιὸς
1031 3525 1063 3588 ἒν
1091 3519 1269 3588 Λαοκόωντι

157 3625 285 3714 δράματι
297 3622 457 3708 μελλούσης
471 3620 646 3690 ἁλίσκεσθαι
654 3631 705 3708 τῆς
719 3625 830 3705 πόλεως
843 3633 983 3712 πεποίηκε
997 3625 1049 3696 τὸν
1056 3634 1179 3695 Αἰνείαν
1193 3623 1266 3694 ἅνα-

156 3729 371 3814 σκεοαζόμενον
388 3734 429 3809 εἰς
448 3728 503 3815 τὴν
519 3727 618 3814 Ἴδην,
644 3734 840 3799 κελευσθέντα
855 3728 915 3801 ὑπὸ
930 3744 983 3802 τοῦ
1004 3733 1114 3821 πατρὸς
1134 3733 1269 3821 Ἀγχίσου

157 3831 250 3909 κατὰ
271 3833 336 3922 τὴν
360 3836 508 3924 μνήμην
532 3830 790 3923 ὧνἈφροδίτη
811 3843 996 3926 ἐπέσκηψε
1064 3846 1167 3907 Habeo
1183 3865 1268 3926 prae-

156 3961 240 4013 terea
262 3948 319 4010 duo
343 3967 418 4030 quae
441 3949 477 4010 ad
492 3948 649 4010 Anchisam
667 3951 792 4012 referam
806 3954 986 4031 fragmenta,
1011 3957 1057 4016 cui
1077 3957 1208 4015 exoranti
1225 3958 1267 4015 in·

158 4057 321 4135 etantique,
348 4065 381 4116 ut
402 4074 474 4117 suae
492 4056 656 4116 auctoritati
679 4057 764 4119 cedat
783 4058 920 4138 Aeneas,
945 4063 1082 4123 conuenit
1101 4062 1136 4122 lr.
1154 4062 1266 4124 XVIll:

158 4174 188 4226 et
215 4183 252 4225 ex
280 4165 400 4225 incertis
431 4181 488 4224 non
517 4165 699 4225 incommoda
725 4166 780 4244 ipsi
809 4169 945 4229 uaticinio
968 4170 1113 4230 sententia
1135 4174 1186 4230 sed
1205 4176 1267 4230 solo

157 4283 299 4336 terrorum
314 4283 463 4353 postquam
484 4292 637 4350 permenso
657 4292 816 4350 parumper
841 4274 919 4352 (ine.
950 4275 1012 4336 sed.
1037 4273 1089 4355 l):
1123 4294 1208 4359 quam
1230 4296 1268 4340 ne
