2932 4942
170 346 307 396 LXXXIV
568 329 884 401 QVAESTlONES

173 492 234 563 dud
254 497 409 580 Περσέων,
441 497 570 576 ἔπεμπον
595 486 737 576 ἆγγέλους
758 492 787 568 ἒς
806 490 918 578 Σάρδις
938 486 1019 574 παρᾶ
1041 496 1142 573 Κῦρον
1163 491 1283 554 ἐθέλον·
1397 569 1401 577 Ι

172 629 219 680 τες
242 604 289 666 ἐπὶ
314 609 389 666 τοῖσι
416 594 531 664 αὐτοῖσι
555 597 631 663 εἶναι
656 607 731 662 τοῖσι
759 599 811 661 καλ
831 603 948 686 Κροίσῳ
972 601 1044 662 ἔσαν
1072 591 1223 677 κατήκοοι.
1267 592 1284 661 ὃ

173 710 207 773 δέ
224 703 355 781 ἄκουσας
382 705 494 769 αὐτέων
510 699 546 769 τὰ
567 710 759 788 προΐσχοντο,
790 706 869 782 ἔλεξέ
889 726 942 784 σφι
964 701 1067 786 λόγον,
1083 698 1205 785 ἄνδρα
1224 698 1285 782 φας

173 807 341 895 αὐλητὴν
368 809 498 875 ἰδόντα
526 814 637 894 ἰχθῦς
663 811 701 873 έν
721 817 764 897 τῇ
787 807 960 896 θαλάσσῃ
978 801 1146 888 αὐλέειν,
1176 810 1283 872 δοκέ-

172 916 265 985 οντα
289 941 405 999 σφεας
431 915 697 997 ἐξελεύσεσθαι
725 916 759 990 ἐς
784 921 871 998 γῆν·
916 908 955 989 ὡς
984 913 1016 977 δέ
1037 920 1210 995 ψευσθῆναι
1234 921 1285 996 τῆς

173 1027 305 1103 ἐλπίδος,
333 1029 435 1107 λαβεῖν
461 1017 685 1106 ἆμφίβληστρον
710 1023 761 1085 καλ
783 1026 955 1104 περιβαλεῖν
980 1044 1009 1082 τε
1034 1027 1152 1101 πλῆθος
1172 1015 1285 1084 πολλὸν

171 1138 231 1196 τῶν
249 1127 365 1212 ἰχθύων
386 1128 437 1190 καλ
459 1125 618 1211 ἐξειρύσαι,
640 1123 742 1191 iddare
764 1128 797 1190 δὲ
819 1127 1018 1207 παλλομένους
1037 1129 1129 1190 circeia
1150 1123 1209 1208 ἄρα
1229 1119 1283 1190 αὖ·

171 1233 223 1302 τὸν
240 1232 314 1319 πρὸς
333 1228 401 1309 τοὺς
422 1236 510 1315 ἰχθῦς
531 1230 682 1296 επαύεσθέ
701 1257 750 1313 μοι
773 1228 948 1315 ὀρχεόμενοι,
971 1231 1031 1293 έπελ
1051 1225 1118 1294 orld’
1143 1227 1209 1312 ἐμέο
1230 1224 1284 1294 αὖ·

172 1340 287 1418 λέοντος
303 1333 423 1428 ἠθέλετε
445 1341 592 1424 ἐκβαίνειν
609 1335 803 1423 ὀρχεόμενοι.’
848 1343 893 1401 Αιί
917 1341 995 1420 quod
1013 1358 1107 1417 genus
1130 1343 1230 1401 nescio
1249 1360 1284 1400 an

173 1460 203 1511 et
226 1449 273 1510 lric
293 1467 397 1508 uersus
420 1450 577 1528 pertineat:
609 1456 702 1510 decem
722 1457 830 1510 coclites
852 1456 928 1526 queis
949 1452 1082 1508 monitus
1103 1454 1215 1506 suminis
1233 1452 1284 1506 Ri-

167 1564 231 1634 peia
254 1561 352 1632 sorim
381 1555 453 1633 (inc.
485 1564 539 1614 sat.
564 1553 664 1635 Vlll):
702 1555 847 1633 Arimaspi
870 1557 944 1615 onim
966 1554 1082 1613 unoculi
1106 1553 1163 1612 dici
1184 1554 1284 1615 uiden-

172 1672 234 1738 tur,
264 1663 301 1722 de
329 1659 432 1740 quibus
459 1658 626 1720 Herodotus
651 1659 691 1718 lv
718 1660 754 1720 13
774 1651 952 1739 Ἰσσηδόνων
976 1651 1007 1719 δ’
1035 1651 1217 1738 ὑπεροικέειν
1246 1663 1285 1721 ait

169 1758 369 1847 Ἀριμασποὺς
384 1758 495 1842 ἄνδρας
509 1761 773 1843 μουνοφθάλμους,
796 1759 872 1845 ὑπὲρ
894 1763 926 1826 dt
945 1757 1071 1825 τουτέων
1091 1757 1159 1839 τοὺς
1179 1784 1283 1847 χρυσο-

172 1867 308 1952 φύλακας
336 1877 465 1952 γρῦπας,
505 1864 631 1933 τουτέων
659 1869 692 1932 δὲ
718 1863 786 1944 τους
802 1864 1014 1952 Ὑπερβορέους
1033 1867 1216 1951 κατήκοντας
1238 1871 1286 1934 ἐπὶ

172 1974 332 2039 θάλασσαν
353 1997 379 2037 e.
405 1997 433 2057 q.
457 1997 481 2036 s.

257 2084 336 2157 Quot
362 2093 521 2142 saturarum
543 2084 634 2142 libros
658 2084 820 2143 coniecerit
841 2082 949 2143 Ennius
972 2085 1127 2145 incertum:
1154 2086 1283 2166 Porphy-

172 2191 216 2249 rio
244 2189 272 2247 in
299 2187 410 2247 Horatii
440 2189 560 2248 carml
591 2189 646 2263 to,
669 2189 710 2249 46
743 2199 877 2267 quattuor
909 2189 1000 2250 luisse
1032 2198 1170 2250 testatur:
1206 2195 1284 2270 quod

173 2305 274 2356 contra
304 2295 434 2354 Donatus
462 2295 490 2352 in
516 2293 583 2352 Ter.
611 2293 726 2353 Phorm.
751 2294 778 2354 ll
806 2293 842 2369 2,
872 2293 911 2353 25
941 2313 958 2352 e
984 2303 1070 2354 sexto
1094 2297 1284 2375 fragmentum

173 2400 280 2459 citauit.
326 2399 455 2474 Quorum
479 2398 514 2458 de
538 2401 631 2478 primo
655 2408 683 2458 ct
710 2398 839 2459 secondo
862 2400 902 2459 nil
933 2401 1054 2478 contigit
1077 2421 1094 2461 e
1114 2401 1284 2480 fragmentis

172 2503 334 2583 dispicere:
358 2505 446 2563 tertio
468 2514 562 2564 autem
586 2506 784 2584 Scipionis
803 2523 909 2564 nornen
927 2506 1059 2584 praeliari.
1079 2546 1084 2554 ·
1104 2506 1187 2568 Enim
1211 2529 1283 2571 uero

172 2618 269 2670 satura
292 2619 337 2669 est
358 2610 475 2688 Scipio:
506 2611 584 2689 quod
608 2610 676 2669 olim
699 2609 853 2670 lerschius
875 2607 948 2668 llus.
970 2609 1063 2671 eren.
1087 2613 1194 2675 vato
1216 2634 1283 2694 pro·

172 2717 269 2795 posuit
295 2716 428 2795 quidem,
459 2716 510 2775 scd
540 2735 603 2776 cum
633 2717 711 2775 ueris
734 2716 808 2775 ialsa
839 2724 868 2774 et
889 2716 987 2795 inepta
1009 2719 1162 2794 misceret,
1188 2722 1284 2783 bonae

171 2822 359 2882 coniecturae
381 2839 481 2898 parum
504 2822 571 2880 lidei
592 2823 779 2899 comparauit.
826 2819 906 2898 Ergo
933 2838 950 2880 e
971 2823 1110 2902 Scipione
1132 2828 1185 2887 tria
1205 2828 1283 2905 frag-

170 2935 265 2986 menta
291 2926 459 2986 adferuntur
485 2927 611 2986 diserte:
636 2927 693 2986 duo
721 2929 895 3004 septenariis
920 2927 1077 2988 trochaicis
1101 2931 1284 2994 decurrentia

170 3030 236 3111 (lV.
259 3030 315 3114 V):
342 3049 463 3111 quornm
492 3033 549 3092 hoc
572 3031 631 3110 (V)
659 3032 737 3109 quod
766 3033 878 3094 Gellius
900 3032 940 3092 lv
963 3036 981 3093 7
1008 3035 1094 3095 tradit
1123 3039 1282 3100 e‘libro

170 3139 231 3217 qui
255 3140 386 3218 Scipio
414 3139 657 3198 inscribitur’
688 3139 889 3218 depromptum
912 3128 995 3199 dicit:
1023 3140 1115 3217 unde,
1146 3161 1210 3202 oum
1233 3164 1282 3205 ue·

169 3253 249 3303 teres
277 3245 400 3322 quoduis
429 3261 546 3303 carmen
571 3245 665 3321 paulo
691 3245 807 3322 longius
835 3244 938 3304 librum
962 3245 1145 3323 adpellerent
1166 3248 1222 3324 (ci.
1246 3249 1281 3308 0.

168 3346 263 3406 dahnii
287 3367 388 3408 comm.
410 3353 437 3408 in
457 3351 537 3409 Pers.
561 3367 590 3426 p.
605 3349 655 3409 98.
679 3351 886 3412 Petermannus
904 3351 941 3410 de
965 3361 1061 3412 satura
1083 3351 1166 3412 Ennii
1185 3373 1214 3433 p.
1234 3356 1281 3436 3),

169 3469 227 3510 non
249 3455 340 3528 magis
364 3455 490 3532 illisqui
516 3454 586 3513 olim
609 3456 789 3531 tragoediam
815 3456 956 3534 quandam
980 3457 1147 3535 Scipionem
1177 3461 1282 3518 somni·

169 3565 252 3615 arent
276 3557 457 3618 obstaculum
483 3577 573 3637 quam
601 3560 685 3619 nobis
711 3564 759 3640 qui
792 3572 916 3622 saturam
946 3563 1071 3623 uelimus
1105 3564 1281 3640 praesidium

169 3663 304 3721 nascitur.
356 3663 483 3723 Tertium
511 3683 528 3723 e
558 3663 697 3742 Scipione
732 3685 848 3727 uersum
874 3666 1041 3727 Macrobius
1072 3668 1169 3728 citauit
1195 3668 1236 3728 Vl
1261 3671 1281 3730 4

169 3783 198 3846 p.
230 3766 291 3827 519
318 3767 383 3827 lan.
417 3779 472 3828 ium
497 3775 610 3846 ferreos
643 3774 729 3830 doctas
761 3776 869 3833 Horret
901 3794 969 3850 aper
998 3776 1161 3853 [campique
1195 3781 1282 3834 armis

167 3876 324 3933 sublimibus
343 3878 451 3932 ardent.
475 3874 549 3933 Aen.
568 3872 609 3932 Xl
628 3875 686 3935 601
712 3877 781 3954 sip}-
827 3882 933 3939 Horret
952 3886 1022 3939 mire
1041 3898 1073 3939 ae
1092 3883 1182 3940 dohet.
1227 3883 1284 3941 Sed

169 3988 197 4038 et
215 3983 324 4038 Ennius
345 3985 374 4038 in
395 3989 495 4054 quarto
516 3985 618 4039 decimo
642 3979 721 4059 {Vll}
749 3994 775 4041 et
795 3988 823 4041 in
845 3988 1000 4045 Erechtheo
1023 3983 1088 4064 [vil
1119 3993 1146 4043 ct
1170 3990 1200 4043 ιἰι
1218 3988 1279 4044 Soi-

162 4090 261 4159 pione:
288 4091 397 4159 sparsis
416 4089 502 4145 hosts
524 4091 611 4161 unqe
636 4105 752 4161 compos
778 4094 902 4163 splendet
928 4100 954 4149 ei
979 4095 1076 4149 derret
1093 4087 1177 4166 (Vl).
1221 4087 1279 4148 Ru-

167 4187 212 4255 dis
237 4189 388 4255 admodum
419 4198 448 4249 et
476 4190 604 4250 insuauis
634 4192 658 4250 si
687 4191 731 4250 dis
760 4191 859 4269 placet
886 4192 1058 4261 hexameter
1091 4212 1176 4275 quern
1210 4194 1278 4257 inri-
