2932 4942
603 367 848 438 RELIQVIAE

669 535 783 606 XXIV

271 706 279 722 .
333 705 341 722 .
395 708 404 724 .
457 656 532 749 quis
554 676 616 724 nos
639 657 734 747 pater
755 659 812 726 aut
835 657 999 748 cognatus
1025 656 1117 725 uolet

272 756 396 827 Contra
418 759 526 829 tueri?
621 810 626 816 -

676 876 776 946 XXV

180 1002 277 1063 445.
333 1050 340 1065 .
395 1048 402 1064 .
456 1050 464 1067 .
501 994 526 1065 ’.
580 1048 588 1065 .
642 1050 650 1065 .
705 1049 713 1065 .
766 996 927 1087 capitibus
949 996 1141 1066 nutantibus

270 1098 326 1166 'lbi
348 1099 445 1189 pinus
468 1100 646 1191 rectisque
668 1122 848 1205 cupressos
1027 1103 1030 1106 ’

650 1253 653 1258 ·
666 1235 780 1308 XXVI

273 1351 339 1435 Qut
361 1353 411 1422 sui
435 1360 595 1447 quaestus
618 1357 720 1426 carisa
739 1357 834 1427 fictas
857 1356 1018 1427 suscitant
1039 1356 1229 1428 sententias,

663 1493 791 1563 XXVII

276 1608 474 1702 ['quuam]
511 1613 685 1706 quicquam
714 1614 890 1708 quisquam
922 1613 1090 1706 cuiquam,
1128 1612 1217 1705 qudd
1254 1612 1283 1680 ei

818 1719 1009 1802 conueniat,
1033 1716 1158 1810 neget?

203 1956 289 2008 XXIV
307 1960 389 2009 Varro
405 1959 437 2008 de
451 1957 668 2014 L.1..v1112nt.
688 1961 792 2010 ‘tueri
807 1961 857 2011 duo
873 1961 1013 2027 significat,
1028 1977 1108 2012 unum
1123 1962 1154 2011 ab
1168 1969 1283 2027 aspectu,

168 2034 197 2077 nt
215 2028 285 2091 dixi,
309 2027 377 2077 unde
393 2036 432 2079 est
451 2029 515 2078 Enni
533 2029 613 2079 illud:
636 2038 708 2080 tueor
726 2037 751 2081 te
768 2046 903 2082 senex...
920 2040 958 2081 et:
983 2033 1040 2096 quis
1059 2033 1144 2097 pater’
1171 2049 1195 2083 e.
1215 2048 1240 2094 q.
1260 2047 1282 2080 s.

169 2095 250 2155 Quem
267 2113 371 2148 uersum
389 2113 439 2147 non
455 2098 645 2160 hexametrum,
666 2099 735 2162 qnod
749 2100 828 2166 uulgo
847 2101 1011 2160 credebatur,
1030 2102 1078 2152 sed
1093 2101 1284 2168 tragoediarum

169 2183 226 2217 esse
244 2177 271 2216 ut
289 2184 364 2231 quem
383 2169 528 2233 proximum
546 2170 656 2235 ascripsi
670 2169 824 2220 Ritschelius
844 2171 930 2222 decuit
944 2171 1000 2224 lnd.
1017 2171 1098 2223 schol.
1117 2172 1200 2222 Bonn.
1218 2180 1282 2224 aest.

170 2237 238 2288 1852
256 2253 282 2302 p.
299 2237 347 2286 XV
418 2239 490 2287 XXV
514 2239 612 2290 Gellius
626 2239 684 2288 XIII
700 2238 735 2291 20
756 2241 866 2290 ‘Ennius
888 2243 948 2290 item
969 2249 1052 2291 rectos
1067 2256 1204 2307 cupressos
1218 2241 1292 2291 dixit'

170 2315 258 2356 eontra
277 2315 406 2372 receptum
424 2309 545 2358 uocahnli
563 2324 645 2376 genus
662 2309 712 2359 hoc
728 2324 820 2359 uersu:
841 2311 982 2377 capitibus'
1002 2328 1025 2361 c.
1042 2326 1067 2373 q.
1086 2326 1108 2361 s.
1129 2311 1241 2361 ‘tirmior
1258 2312 1282 2359 ei

169 2377 246 2426 credo
264 2385 289 2425 et
310 2378 418 2428 uiridior
433 2393 511 2429 sonus
534 2394 591 2429 esse
608 2380 681 2429 nocis
699 2379 771 2430 uisus
790 2390 842 2441 est,
872 2389 978 2432 rectos
996 2381 1081 2431 dicere
1099 2397 1283 2446 cupressos,

171 2462 249 2510 quam
266 2455 357 2500 rectas.
395 2448 488 2498 Contra
506 2463 567 2500 uero
586 2449 654 2499 idem
667 2449 763 2498 Ennius
779 2451 805 2498 in
820 2451 906 2501 annali
925 2451 1163 2501 duodeuicensimo'
1184 2467 1207 2506 e.
1222 2466 1248 2514 q.
1261 2465 1282 2500 s.

169 2515 267 2566 Nonius
276 2532 302 2581 p.
316 2516 375 2580 195,
387 2519 422 2566 24
437 2522 630 2582 ‘cupressus
644 2520 747 2584 generis
757 2519 873 2571 feminini
880 2557 888 2581 ,
902 2528 929 2570 ut
941 2521 1047 2570 dubium
1056 2536 1106 2570 non
1116 2528 1163 2574 est,
1183 2521 1283 2570 Mascu-

170 2587 216 2635 lini
234 2586 345 2637 Ennius:
365 2588 504 2652 capitibus'
526 2604 549 2641 e.
570 2605 595 2651 q.
616 2604 636 2639 s.
708 2587 793 2640 XXVI
811 2589 899 2640 Cicero
918 2590 950 2639 de
968 2590 1021 2641 diu.
1044 2591 1121 2655 140,
1140 2589 1176 2640 88
1194 2593 1284 2652 ‘atque

169 2657 246 2705 etiam
260 2664 318 2705 ante
333 2656 380 2707 hos
391 2658 562 2722 Amphiaraus
575 2667 600 2706 et
608 2658 737 2718 Tiresias,
754 2673 804 2708 non
819 2659 930 2709 humiles
946 2668 971 2708 et
986 2660 1088 2709 obscuri
1104 2674 1186 2723 neque
1196 2675 1284 2710 corum

169 2725 281 2786 similes,
307 2734 335 2774 ut
361 2727 432 2792 apud
457 2728 565 2775 Ennium
589 2735 642 2788 est,
670 2728 725 2789 qui
748 2729 802 2776 sui
824 2737 979 2791 quaestus
1003 2729 1113 2778 causa'
1138 2746 1161 2778 e.
1180 2745 1205 2793 q.
1223 2745 1245 2781 s.

204 2795 301 2844 XXVII
319 2795 393 2845 Rhet.
410 2797 444 2846 ad
456 2796 610 2845 Herennium
626 2797 661 2845 IV
677 2796 724 2856 12,
745 2796 777 2846 18
798 2801 837 2846 ‘et
857 2798 880 2846 si
900 2797 1039 2848 uitabimus
1054 2797 1169 2847 eiusdem
1185 2799 1284 2848 litterae

169 2866 276 2914 nimiam
292 2866 483 2925 assiduitatem,
503 2866 545 2915 cui
562 2867 625 2914 nitio
642 2879 733 2914 uersus
746 2864 789 2914 hic
803 2868 851 2914 erit
865 2866 984 2931 exemplo
1001 2865 1073 2931 (nam
1089 2866 1131 2915 hic
1146 2866 1210 2916 nihil
1224 2881 1284 2932 pro-

170 2935 241 2984 hibet
262 2937 288 2984 in
311 2935 381 2984 uitiis
405 2935 496 2984 alienis
515 2934 640 3000 exemplis
657 2932 720 2998 nti):
748 2935 852 2984 oTite’
871 2952 895 2986 e.
914 2951 939 2999 q.
959 2952 981 2989 s.
1001 2935 1078 2999 [hun.
1099 2934 1160 3001 113]
1184 2939 1223 2984 ‘et
1240 2936 1283 2984 hic

171 3005 287 3055 eiusdem
305 3007 410 3070 poetae:
430 3004 579 3068 quicquam*
598 3021 622 3058 e.
642 3019 667 3066 q.
688 3020 712 3056 s.

211 3221 266 3277 443
285 3232 326 3289 sq.
344 3217 406 3288 quis
426 3232 479 3271 nos
500 3220 640 3285 paterent
659 3219 795 3284 cognatus
811 3213 887 3267 uolet
903 3210 1005 3268 Contra
1022 3211 1094 3266 tueri
1109 3208 1284 3268 nicolettus.

170 3302 233 3374 quis
249 3308 328 3373 pater
343 3307 390 3356 aut
410 3305 547 3372 cognatus
564 3301 638 3354 uolet
653 3315 706 3352 nus
728 3303 825 3353 contra
840 3298 910 3352 tueri
932 3298 1024 3353 Varro
1116 3301 1169 3356 445
1184 3304 1283 3352 nutan-

170 3388 243 3441 tibus
259 3385 378 3454 Nonius,
397 3384 504 3456 crypt.
522 3401 574 3456 τηρ.
601 3384 678 3440 Voss.
696 3400 734 3438 m.
745 3400 796 3454 pr.
813 3383 933 3437 nutantis
957 3383 1035 3438 Vosc.
1052 3398 1129 3438 corr.
1142 3398 1204 3438 cum
1215 3389 1284 3441 cete·

170 3472 211 3524 ris
296 3471 349 3528 446
370 3469 407 3523 ibi
422 3468 601 3539 Bitschcla'cts,
624 3485 676 3522 om.
694 3468 758 3523 libri
840 3471 893 3526 448
913 3483 1044 3538 umquam
1060 3468 1091 3524 Ο.
1110 3468 1284 3541 ΒὶὺὸεεΙιὶιιι,

170 3570 224 3608 om.
236 3554 308 3609 libri.
394 3552 547 3624 quidquam
564 3553 711 3625 quisquam
726 3552 857 3623 culquam
872 3552 949 3624 quod
964 3553 990 3606 ei
1011 3554 1160 3609 conueniat
1175 3552 1205 3611 0.
1218 3553 1285 3608 Rib-

171 3637 291 3693 beclcius.
313 3638 461 3710 quicquam
481 3638 567 3710 quicq
582 3655 687 3710 quemq
708 3638 800 3709 quisq.
817 3639 966 3716 conueniat
989 3638 1118 3694 Wuerzh.
1135 3640 1283 3711 quisquam

171 3725 320 3795 quicquam
337 3740 497 3795 quanquam
513 3739 673 3795 quenquam
689 3724 836 3796 qnisquam
857 3724 1008 3779 conueniat
1023 3722 1111 3796 Opitz.
1133 3726 1283 3796 quiequam

170 3811 319 3882 quisquam
335 3824 503 3881 quemquam
519 3809 638 3881 quisque
655 3810 804 3865 conueniet
823 3809 933 3864 Windb.
945 3810 1022 3864 Frt‘a.
1039 3808 1191 3880 quidquam
1208 3809 1285 3879 quis-

172 3912 256 3968 quam
272 3911 440 3967 quemquam
455 3911 567 3966 quemq.
586 3895 678 3966 quisq.
694 3896 846 3950 conueniat
867 3894 937 3950 Par.
963 3893 1115 3965 quidquam
1136 3893 1284 3963 quisquam

172 3997 340 4052 quemquam
359 3983 478 4053 quisque
494 3980 646 4036 conueniat
660 3978 760 4034 Bamb.
774 3997 801 4034 a.
816 3979 969 4049 quidquam
983 3978 1130 4048 quisquam
1145 3990 1284 4047 quemque

172 4067 291 4136 quisque
313 4067 464 4120 conueniat
488 4064 586 4120 Bamb.
606 4064 631 4120 b.
653 4064 806 4135 quidquam
822 4063 970 4133 quisquam
989 4076 1155 4132 quemquam
1171 4074 1283 4130 quamq.

172 4149 236 4216 quis
254 4151 404 4205 conueniat
420 4149 513 4205 Troes.
533 4148 686 4222 quidquam
702 4149 851 4220 quisquam
869 4160 1037 4217 quemquam
1053 4144 1115 4215 quis
1134 4145 1284 4199 corrueniat

175 4227 244 4285 Tur.
260 4232 414 4305 quidquam
429 4234 578 4305 quisquam
593 4232 726 4304 cuiqnam
745 4230 820 4303 quod
838 4229 988 4286 conueniat
1003 4229 1083 4300 aulae
