2932 4942
173 390 284 438 xnvnr
342 335 345 342 ’
574 379 885 448 ovrnsrronas

173 549 368 609 narrationem
381 563 434 623 per
447 543 495 603 lrla
508 545 649 622 quaedam
662 554 799 604 retexere
812 554 899 623 atque
912 553 1018 623 potitae
1031 546 1087 604 uim
1100 555 1129 605 et
1140 546 1286 622 ingenium

174 656 283 714 sentire
297 655 390 713 sinunt
403 651 573 728 fragmenta.
606 651 688 728 Ergo
705 671 742 711 ex
755 670 829 728 mea,
854 669 938 730 quam
955 651 1065 712 Merula
1080 653 1214 731 praeiuit,
1228 652 1285 711 dis·

174 762 320 840 positione
335 759 401 818 huic
416 758 491 817 libro
507 757 681 833 Pyrrhum
693 757 793 818 licebit
811 759 982 818 inscribere.
1006 758 1117 834 Pyrrho
1130 761 1216 835 enim,
1231 776 1286 818 nec

176 884 249 927 uero
264 866 328 926 aliis
350 864 438 925 rebus
457 875 576 943 praeter
590 864 729 940 Pyrrhum
750 863 796 923 liic
819 862 894 923 liber
915 865 1026 926 dicatus
1048 875 1109 926 est:
1133 866 1204 926 licet
1221 883 1286 924 uer·

173 993 247 1049 sum,
262 975 310 1053 qui
323 975 417 1051 ipsum
432 970 533 1046 Pyrrhi
548 988 663 1044 nomen,
677 967 725 1028 uel
735 968 817 1028 Burri
830 987 911 1029 more
924 970 1067 1047 Enniano,
1083 971 1204 1032 exhibet
1216 970 1285 1050 (V),

89 1085 90 1088 ’
174 1100 191 1139 e
215 1081 314 1158 quinto
337 1078 447 1139 Nonius
470 1095 498 1156 p.
522 1074 601 1152 226,
624 1074 664 1134 30
686 1073 862 1158 laudarent,
885 1095 941 1136 nec
963 1077 1087 1154 diligens
1110 1080 1174 1158 ipse
1192 1096 1286 1155 gram·

174 1187 313 1262 maticus,
338 1202 394 1244 nec
417 1203 433 1246 a
456 1184 581 1244 librariis
604 1191 742 1244 tractatus
761 1183 927 1261 diligenter.
968 1181 1057 1243 Cuius
1076 1194 1171 1245 tamen
1187 1194 1286 1245 aucto·

172 1293 257 1352 ritate
292 1292 371 1349 nisus
401 1288 576 1350 Niebuhrius
606 1291 635 1348 in
672 1289 782 1349 scholis
820 1289 902 1349 acad.
937 1290 974 1349 de
1004 1290 1125 1352 historia
1157 1290 1286 1350 Romana

175 1398 210 1477 (1
239 1398 301 1477 23)
339 1399 468 1477 quintum
500 1394 649 1470 annalem,
687 1412 744 1453 non
774 1403 903 1470 sextum,
943 1395 1053 1471 Pyrrlro
1085 1397 1219 1458 ascribit:
1258 1406 1287 1456 at

173 1505 323 1566 Niebubrii
355 1504 496 1563 annalium
525 1503 678 1581 dispositio
708 1501 843 1559 uniuersa
871 1519 980 1562 uereor
1014 1513 1045 1562 ut
1071 1503 1168 1564 dedita
1196 1521 1286 1582 opera

174 1612 302 1670 instituta
324 1612 448 1670 omnium
470 1609 697 1686 fragmentorum
712 1607 948 1668 consideratione
965 1610 1080 1669 nitatur.
1118 1610 1217 1688 Aqua
1236 1628 1287 1669 cur

174 1719 202 1776 in
228 1718 292 1778 aliis
321 1718 404 1776 libris
435 1716 640 1790 discesserim,
674 1712 741 1772 alibi
771 1713 878 1773 dicam:
916 1716 944 1773 iu
969 1714 1080 1790 Pyrrho
1110 1716 1188 1794 quod
1217 1715 1285 1775 Nie-

172 1825 303 1885 bubrium
323 1841 381 1883 non
403 1839 531 1901 sequor,
556 1839 620 1881 cum
639 1822 739 1894 testis,
762 1837 847 1897 quem
861 1819 946 1879 Nonii
966 1824 1131 1882 testimonio
1155 1838 1285 1901 oppono,

172 1930 276 1990 Festus
301 1949 347 1990 me
372 1939 506 2004 moueat,
539 1929 587 2006 qui
609 1945 638 2005 p.
664 1926 724 1987 169
744 1924 782 1989 Μ,
805 1925 841 1984 fr.
866 1925 923 2002 IV,
955 1928 1034 2007 quod
1058 1948 1122 1989 cum
1145 1929 1197 1989 illo
1218 1946 1284 2007 per·

173 2054 258 2114 quam
284 2035 477 2114 probabiliter
499 2032 610 2092 Merula
641 2032 806 2106 coniunxit,
840 2049 857 2090 e
884 2030 924 2090 Vl
953 2033 1049 2094 annali
1076 2037 1191 2096 citauit:
1226 2043 1285 2094 tum

172 2141 265 2200 lirmat
286 2142 443 2217 rationem,
476 2137 661 2217 quodetiam
683 2137 811 2213 relicua,
842 2157 917 2218 quae
940 2142 1055 2219 quidem
1078 2141 1246 2203 adferuntur
1269 2158 1285 2198 e

173 2255 277 2320 sexto,
301 2245 364 2305 iere
385 2263 437 2304 sua
458 2255 564 2322 sponte
587 2262 621 2304 se
642 2244 709 2304 liuie
734 2255 903 2322 argumento
928 2248 1157 2308 accommodant.
1193 2247 1284 2307 Porro

173 2351 310 2428 quidquid
334 2351 371 2410 de
391 2360 494 2429 quarto
516 2351 676 2429 quintoque
699 2351 775 2411 libro
800 2361 959 2429 statuetur,
983 2355 1011 2414 in
1031 2354 1136 2433 quibus
1151 2349 1210 2431 eg'o
1227 2370 1285 2413 non

174 2474 283 2515 uereor
304 2467 335 2516 ut
351 2458 534 2537 disponendo
555 2457 673 2516 multum
695 2476 797 2517 auaro
817 2459 1004 2536 deflexerim,
1027 2478 1043 2519 a
1064 2462 1188 2539 septimo
1207 2459 1285 2520 bella

174 2562 280 2622 Punica
295 2565 424 2624 incohari
440 2565 509 2625 satis
522 2572 615 2639 certa,
632 2582 707 2642 quae
718 2565 792 2624 inira
812 2565 979 2644 explicabo,
996 2566 1101 2627 indicia
1116 2574 1285 2626 monstrant.

259 2670 405 2732 Exorsum
434 2689 502 2730 esse
536 2670 639 2731 librum
672 2670 708 2731 ab
742 2689 779 2731 eo
812 2690 898 2750 quem
923 2673 1044 2751 primum
1072 2673 1159 2753 posui
1186 2690 1285 2747 uersu,

176 2775 282 2837 Cicero
323 2778 399 2855 apud
427 2776 642 2856 ⁴Quintilianum
676 2774 717 2834 Vl
748 2777 789 2852 3,
831 2775 895 2856 86,
944 2778 1014 2838 licet
1059 2778 1189 2839 editores
1229 2792 1286 2835 non

173 2885 313 2960 uiderint,
337 2901 395 2943 non
417 2882 544 2941 obscure
565 2882 742 2960 prodiderat.
778 2882 863 2942 Vnde
886 2883 1018 2943 colorem
1040 2883 1121 2944 duxit
1135 2883 1175 2959 is,
1196 2897 1286 2960 aquo

61 3035 64 3041 .
174 2989 326 3050 Lucretius
340 2992 473 3068 ,quintum
494 2989 530 3049 de
554 2997 655 3048 natura
676 3006 773 3048 rerum
797 2989 921 3067 incepit,
944 2996 1005 3066 quas
1023 2996 1095 3064 potis
1116 2999 1156 3049 eat
1175 2993 1285 3065 umnam

168 3105 286 3173 potienti
299 3108 415 3175 pectore
435 3115 550 3166 corrnen
565 3101 710 3156 Condere?
733 3094 778 3156 Gi.
799 3098 884 3158 etiam
896 3095 1044 3155 Ausonius
1056 3095 1130 3159 dios.
1146 3093 1207 3154 298
1225 3100 1286 3170 quis

166 3213 242 3280 potis
270 3213 429 3266 innumeros
458 3210 600 3279 cultusque
628 3207 788 3280 habitusque
819 3215 952 3264 retexens
980 3206 1109 3264 Pandere
1140 3206 1286 3261 manninas

167 3330 225 3384 per
245 3317 353 3386 amputa
371 3317 492 3387 praedia
512 3314 643 3385 formae?
676 3308 756 3385 Ergo
781 3309 847 3370 huie
870 3310 945 3370 libro
967 3308 1118 3387 peculiare
1142 3305 1285 3386 quoddam

173 3415 374 3492 prohoemium
392 3434 450 3475 non
469 3415 576 3489 deluit,
604 3423 635 3473 ut
658 3423 777 3492 praeter
795 3416 917 3492 primum
935 3416 1077 3493 septimo,
1101 3415 1215 3475 decimo
1238 3429 1283 3486 ac,

174 3521 228 3578 nisi
249 3539 295 3579 me
316 3520 390 3581 fallit
413 3521 602 3593 coniectura,
627 3520 713 3578 etiam
735 3520 957 3580 sextodecimo
980 3530 1010 3581 et
1032 3520 1283 3582 duodeuicesimo.

174 3626 233 3685 Sed
266 3626 310 3686 liis
339 3627 420 3685 libris
454 3626 520 3685 dum
551 3624 668 3683 uindico
699 3625 865 3700 exordium,
902 3629 1009 3686 ceteris
1042 3644 1099 3687 non
1132 3625 1283 3687 abiudico:

174 3732 228 3788 nisi
258 3733 334 3808 quod
364 3733 513 3806 indicium,
546 3747 603 3809 quo
632 3730 766 3790 adiuuem
788 3731 997 3810 suspitionem,
1025 3733 1134 3793 nullum
1157 3731 1284 3793 inuenio.

173 3837 197 3896 E
229 3856 371 3897 consessu
400 3837 526 3916 quodam
552 3838 673 3897 deorum
702 3837 850 3896 residuum
879 3838 995 3899 uidetur
1027 3840 1062 3899 ir.
1091 3838 1133 3899 ll:
1170 3838 1285 3916 qualem

174 3962 344 4004 consessum
374 3940 494 4002 difficile
527 3951 573 4001 est
604 3942 750 4018 diuinare,
787 3946 833 4002 cni
861 3947 985 4005 maxime
1015 3945 1089 4023 parti
1117 3951 1206 4023 potita
1236 3942 1284 4002 ad·

174 4035 332 4110 miscuerit.
369 4049 418 4107 Sic
443 4048 534 4126 potuit
555 4049 603 4108 uel
623 4051 651 4108 in
666 4050 760 4109 media
775 4067 871 4128 pugna
888 4050 984 4127 aliqua
1000 4048 1120 4108 deorum
1137 4047 1284 4120 auxilium,

176 4175 234 4235 rpro
256 4157 387 4216 alterutri
411 4156 484 4232 parti
504 4153 618 4214 felicius
639 4164 771 4215 uerteret
791 4164 958 4232 certamen,
981 4154 1096 4214 ascisci.
1136 4150 1168 4210 ln
1189 4169 1222 4211 re
1245 4151 1286 4208 in·

145 4298 149 4305 ·
173 4245 254 4321 certa
269 4261 304 4321 ad
322 4261 492 4339 principium
507 4260 572 4320 libri
590 4280 706 4322 uersum
722 4264 857 4342 ascripsi,
874 4259 1125 4342 quemadmodum
1140 4256 1285 4318 Homerus
