2932 4942
483 357 487 367 ’
608 349 836 406 ΕΝΝΙΑΝΑΕ
1219 359 1280 408 LXI

256 517 302 581 Fr.
329 513 399 573 XlX
418 520 562 590 sotporeas
585 520 678 588 posuit
702 519 856 590 spiramina
880 516 965 571 Naris
990 519 1029 572 ad
1053 520 1162 591 undae,
1197 517 1279 576 cuius

169 640 288 681 sensum
330 622 459 680 editores
491 637 549 678 nou
587 621 774 697 indagarunt,
814 617 925 694 Hugius
960 620 1061 678 nescio
1098 640 1183 699 quem
1222 622 1279 682 dici

170 727 328 802 censebat,
357 729 405 806 qui
431 727 466 786 ad
493 725 579 785 Naris
609 723 699 783 undas
724 733 847 782 mortem
876 723 997 783 obierit:
1026 725 1083 786 hoc
1112 731 1186 788 enim
1209 730 1278 790 iilud

170 852 239 895 esse
262 833 339 913 quod
363 843 453 912 poeta
474 833 551 892 dicat
572 836 727 907 spiramina
744 835 854 903 posuit:
875 846 1045 908 quamquam
1068 836 1130 894 eius
1153 836 1277 895 locutio.

169 943 214 1000 nis
249 941 414 1019 exemplum
447 956 505 997 nou
534 937 654 1015 repperi
682 944 801 1015 praeter
828 934 884 994 hoo
915 938 993 1014 quod
1023 938 1158 999 Valerius
1188 939 1278 1000 lilani-

169 1066 232 1107 mus
259 1046 314 1105 Vll
337 1044 372 1122 8,
398 1044 416 1105 8
442 1045 511 1104 dicit
534 1049 661 1120 spiritum
682 1049 785 1117 posuit.
845 1040 890 1100 De
915 1040 1022 1104 Narnia
1048 1047 1164 1106 colonia
1194 1067 1279 1127 quam
1381 1047 1383 1051 ’

169 1172 281 1214 a.u.o.
304 1153 366 1213 453
395 1154 423 1210 iu
453 1149 534 1210 bello
557 1149 713 1208 Samnitico
743 1148 830 1206 tertio
859 1149 1012 1210 deductam
1041 1171 1109 1213 esse
1135 1152 1279 1213 LiuiusX

172 1260 211 1319 10
245 1268 358 1334 narrat,
398 1256 521 1331 cogitari
552 1256 668 1332 nequit,
707 1254 762 1313 nisi
792 1255 855 1332 quis
880 1273 934 1333 pro
961 1255 1015 1315 Vll
1049 1276 1195 1336 reponere
1223 1259 1278 1320 llll

169 1364 250 1424 uelit.
296 1363 343 1424 Gi.
364 1361 503 1422 Martialis
520 1362 615 1439 epigr.
632 1360 687 1420 Vll
701 1360 742 1421 93
766 1366 876 1421 Narnia
898 1368 1049 1439 sulpohrrreo
1070 1387 1153 1440 quam
1172 1374 1280 1442 purpr'te

169 1477 305 1531 candidus
325 1476 415 1529 amnis
436 1473 546 1528 Circuit.
594 1466 639 1528 De
659 1467 737 1528 Nare
756 1468 845 1528 iluuio
863 1470 930 1529 uide
949 1470 1112 1548 Vergilium
1130 1470 1204 1532 Aen.
1224 1472 1278 1532 vlt

169 1578 230 1638 517
254 1586 283 1636 et
303 1577 435 1637 Seruium
456 1575 484 1632 iu
503 1572 531 1632 h.
550 1574 569 1633 l.

253 1682 320 1743 Duo
342 1700 417 1760 quae
443 1689 593 1760 postremo
622 1680 690 1739 loco
720 1682 820 1758 posui:
849 1692 1009 1742 russescunt
1033 1687 1153 1757 frondes
1178 1684 1277 1766 (XX),

169 1789 248 1869 quod
266 1789 420 1849 frustulum
442 1786 613 1846 hariolando
636 1787 733 1865 possis
752 1786 807 1846 hac
827 1805 865 1845 ex
887 1788 1005 1846 incertis
1023 1790 1165 1866 particula
1191 1800 1281 1852 terrai

166 1900 324 1974 srupifcrai
345 1897 416 1974 (inc.
441 1894 503 1953 sed.
524 1891 622 1972 XXX)
646 1893 674 1951 iu
691 1892 833 1969 integrum
853 1892 1051 1951 hexametrum
1068 1897 1225 1976 supplere,
1248 1907 1278 1958 et

169 2009 295 2080 lonpique
315 2009 443 2078 cupressi
463 2005 543 2060 Stant
564 2008 646 2059 rectas
665 2004 740 2076 foliis
756 2012 782 2059 et
799 2021 897 2058 amoro
916 2019 1034 2075 corpore
1052 2005 1156 2061 Meum
1177 2003 1276 2085 (XXI)

169 2127 207 2168 ue
236 2108 305 2168 olim
335 2108 451 2186 quidem
479 2107 594 2183 longius
624 2109 755 2166 seiuncta
783 2105 873 2166 inisse
903 2107 1046 2168 uidentur.
1095 2108 1127 2168 lu
1156 2127 1279 2188 quorum

170 2214 350 2273 consortium
370 2213 478 2273 addere
500 2233 537 2272 ex
559 2215 679 2273 incertis
697 2214 824 2273 fortasse
847 2214 933 2272 etiam
954 2212 1028 2273 haec
1049 2214 1134 2275 licet:
1155 2224 1278 2292 populea

168 2323 234 2394 frus
262 2320 333 2397 (inc.
357 2320 419 2379 sed.
441 2319 579 2400 xcvltt)
609 2329 638 2379 et
667 2341 728 2380 carm
755 2326 825 2379 soles
854 2325 962 2379 tandem
990 2324 1101 2396 faciunt
1129 2327 1280 2398 tompuoore

169 2431 247 2502 tonpe
270 2427 342 2504 (inc.
368 2427 431 2486 sed.
454 2425 577 2505 XXXI).

253 2531 386 2611 Denique
414 2533 538 2592 uerbulo
565 2549 700 2596 moneam
724 2530 818 2590 adhuc
841 2531 954 2592 duobus
981 2551 1019 2592 ex
1040 2535 1159 2596 incertis
1186 2555 1276 2617 posse

169 2636 296 2699 fortasse
328 2641 356 2697 in
385 2639 443 2699 hoc
471 2638 546 2699 libro
575 2639 671 2698 locum
701 2638 842 2697 concedi:
877 2639 943 2698 dico
978 2641 1013 2704 ir.
1039 2639 1149 2701 XXVll
1177 2650 1277 2704 tuetur

168 2753 252 2803 uncto
279 2751 378 2803 carino
400 2767 457 2822 per
485 2766 607 2823 aequora
636 2766 708 2805 canu
736 2753 833 2805 celocis
858 2753 887 2803 et
909 2744 945 2803 ir.
968 2744 1066 2805 XXlX
1088 2753 1278 2810 Brundusium

163 2857 265 2927 pulcro
280 2859 473 2928 praecinctum
490 2861 626 2927 praepete
636 2863 757 2926 portast.
802 2851 926 2931 Propter
946 2852 1079 2912 celocem
1100 2859 1175 2914 enim
1200 2874 1276 2915 com·

169 2968 354 3018 memoratam
378 2959 430 3036 (de
452 2959 557 3019 oeloce
579 2957 647 3016 uide
667 2958 753 3015 etiam
771 2956 895 3017 Gellium
915 2956 943 3016 X
961 2957 1000 3017 25
1022 2968 1051 3017 et
1073 2960 1189 3020 Suidam
1211 2979 1234 3019 s.
1249 2980 1275 3021 u.

169 3061 270 3143 κέλης)
293 3083 358 3124 oum
378 3064 462 3125 Ennii
483 3083 586 3140 uersu,
611 3081 696 3142 quam
720 3063 829 3120 incerte
853 3063 917 3139 ipse
940 3062 1045 3137 uideo,
1079 3067 1230 3143 composui
1259 3082 1275 3123 a

170 3165 302 3230 Charisia
321 3170 348 3231 ll
368 3191 396 3251 p.
414 3173 473 3235 183
489 3173 519 3232 P.
543 3191 560 3231 e
578 3168 674 3230 Goelii
692 3168 875 3228 historiarum
899 3169 991 3246 primo
1011 3170 1142 3230 traditam
1164 3188 1268 3230 memo-

168 3274 254 3335 riam:
285 3281 465 3355 Sempronius
484 3285 613 3356 Lilybaeo
640 3282 756 3335 celocem
778 3280 806 3333 in
828 3279 955 3352 Africum
978 3283 1055 3336 mittit
1075 3285 1166 3337 uisere
1188 3283 1276 3338 locum

168 3385 216 3439 uti
235 3391 388 3444 oneratum
408 3398 539 3462 exponat.
580 3385 625 3444 De
649 3400 681 3441 re
703 3380 740 3440 ci.
764 3379 914 3456 Polybium
932 3381 1011 3444 139.
1051 3384 1095 3443 De
1115 3384 1276 3444 Brundusio

168 3496 264 3547 autem
289 3508 406 3550 uersum
428 3510 486 3551 non
513 3494 551 3551 ita
580 3487 764 3567 inprobabile
792 3496 837 3546 est
860 3488 899 3548 ibi
925 3499 1041 3569 poetam
1064 3492 1205 3551 extulisse
1227 3491 1276 3551 uhi

169 3594 312 3656 coloniam
331 3608 456 3658 exeunte
472 3599 552 3658 bello
569 3598 676 3657 Punico
694 3597 786 3673 primo
811 3595 865 3672 (ci.
881 3597 953 3657 Liuii
971 3598 1040 3658 XIX
1057 3599 1214 3679 periocha)
1238 3616 1275 3658 eo

167 3699 321 3762 deductam
343 3712 487 3780 tangeret.

255 3808 430 3870 Octauum
452 3809 614 3869 annalem
636 3815 725 3887 poeta
743 3811 770 3868 in
789 3811 879 3871 rebus
898 3813 1115 3875 Hannibalis
1135 3812 1273 3890 inpendit,

168 3915 231 3974 siue
256 3915 314 3977 irco
339 3916 448 3976 bellum
476 3914 622 3976 incohauit
650 3918 706 3977 hoc
729 3917 822 3994 libro,
853 3921 915 3978 siue
944 3920 1014 3980 belii
1037 3921 1120 4000 quasi
1149 3918 1275 3996 prohoe-

167 4022 254 4080 mium
276 4024 304 4081 iu
321 4022 458 4101 Hispania
480 4031 575 4080 actum
597 4023 702 4081 iamin
724 4025 847 4101 septimo
871 4027 1015 4103 exposuit.
1062 4022 1107 4084 Gi.
1130 4042 1158 4102 p.
1176 4022 1274 4083 tvtss.
1383 4048 1391 4063 ·

169 4125 267 4206 Atque
289 4130 318 4188 in
340 4129 437 4188 limine
466 4127 549 4187 huius
577 4128 643 4187 libri
665 4147 769 4188 uersus
793 4132 878 4208 posui
907 4148 960 4189 eos
987 4130 1091 4208 quilius
1114 4136 1202 4206 poeta
1225 4129 1274 4188 de-

168 4233 321 4293 testabiles
351 4233 421 4293 belli
450 4234 629 4294 calamitates
656 4251 714 4293 non
744 4235 807 4294 sine
837 4237 939 4311 uigore
967 4234 1097 4311 depinxit
1128 4233 1180 4311 (ΙΙ.
1200 4234 1274 4315 ΙΙΙ);
