2932 4942
176 336 274 383 LXXX
573 326 883 393 QVAESTIOXES

177 492 272 570 posita
300 487 396 547 subito
423 488 667 565 adgrederentur,
701 496 749 569 qui
777 494 849 551 intra
872 492 977 551 uallum
1001 500 1082 550 erant
1101 507 1220 563 ornnes,
1248 508 1284 549 ne

176 596 299 656 consule
323 595 438 674 quidem
461 605 606 673 excepto,
627 600 769 657 communi
790 608 904 657 terrore
930 598 1044 676 abrepti
1063 597 1098 655 ad
1120 614 1199 655 mare
1216 613 1284 655 cou-

176 702 302 776 Iugiunt:
330 720 402 759 ureris
429 710 562 761 remansit
580 707 620 761 M.
644 708 765 763 Licinius
786 709 886 765 Stroim
913 710 1039 765 trilttnrts
1057 709 1168 761 militnm
1192 710 1287 761 tertioe

174 808 285 882 tep'ionis
307 827 370 865 enm
397 812 484 866 tribus
510 816 594 885 spiris
622 814 657 867 ob
684 815 788 885 lenione
813 829 866 869 suo
888 817 1013 869 relictus:
1049 813 1123 869 brine
1144 816 1172 867 in
1193 830 1285 869 coeco

174 924 269 971 ceretro
288 918 389 986 impetu
409 917 487 988 farto
500 918 600 989 Histri,
622 937 682 973 rum
700 922 780 974 clinn-
793 928 919 975 ormotns
937 922 976 974 eis
995 936 1075 975 nonno
1090 920 1198 974 obuium
1211 921 1285 977 isset.

175 1027 203 1075 in
218 1024 361 1091 praetorio
378 1024 554 1079 instruentem
576 1033 657 1097 atquo
677 1026 869 1080 cribortontcm
890 1041 955 1081 suos
968 1030 1182 1097 oppresserunt.-
1199 1039 1283 1094 prcc-

173 1128 239 1181 iinm
257 1129 379 1181 citronius
398 1146 481 1199 quom
497 1147 555 1201 pro
571 1135 714 1202 parentato
735 1134 916 1187 resistentium
933 1130 989 1201 suit
1012 1145 1064 1184 nec
1090 1136 1156 1185 ento
1178 1131 1283 1200 finitum

175 1241 215 1288 est
228 1250 310 1304 prtem
325 1233 450 1288 tribrmns
463 1238 575 1290 miiitum
588 1241 688 1309 quiquie
701 1241 779 1293 circo
794 1254 856 1293 enm
870 1238 1048 1291 constiterant
1062 1235 1201 1306 interfecti
1211 1243 1283 1290 sunit

175 1337 214 1395 At
233 1336 336 1394 trIbuni
359 1353 464 1395 nomen
486 1354 542 1397 non
573 1339 724 1398 conuenit:
756 1358 841 1417 quiem
863 1339 959 1398 binius
981 1337 1135 1411 Licinium,
1160 1335 1281 1410 liumus,

175 1446 199 1503 si
215 1441 365 1503 Macrobio
390 1444 467 1519 (Sat.
490 1444 530 1503 Vl
552 1445 570 1503 3
594 1463 622 1522 p.
646 1445 708 1504 516
729 1445 808 1524 Ian.)
828 1446 917 1520 fides,
943 1443 1055 1506 Gelium
1078 1443 1126 1503 uel
1149 1441 1282 1502 Coelium

175 1550 346 1628 adpellauit:
370 1567 423 1626 pro
447 1569 504 1628 quo
527 1551 637 1610 Merula
661 1550 694 1611 G.
720 1552 834 1610 Aelium
854 1554 1000 1630 reposuit,
1025 1570 1089 1611 cum
1109 1550 1206 1609 Liuius
1230 1552 1281 1609 Ini-

175 1660 215 1717 tio
237 1657 308 1716 belli
330 1654 393 1715 XLI
422 1656 449 1714 l.
480 1656 500 1714 4
532 1655 565 1714 Τ.
586 1666 614 1715 et
635 1656 667 1716 C.
692 1657 796 1716 Aelius
817 1656 948 1716 tribunos
971 1655 1109 1717 attulerit.
1155 1657 1218 1717 Nec
1241 1659 1282 1715 ln·

174 1763 327 1843 probabile
355 1761 423 1819 mibi
449 1761 563 1838 quidem
587 1763 701 1823 uidetur
732 1765 759 1821 ln
781 1761 856 1822 Gelli
878 1764 992 1821 nomine
1016 1761 1049 1823 G.
1074 1763 1189 1825 Aelium
1209 1765 1282 1825 dcli·

174 1882 307 1945 teneare,
332 1871 395 1928 siue
417 1867 582 1927 Macrobius
605 1869 662 1928 hoc
684 1885 788 1928 nomen
811 1870 892 1926 cuius
911 1886 948 1926 ex
969 1868 1095 1928 Histrico
1117 1869 1199 1930 ballo
1222 1889 1281 1929 me·

172 1980 302 2038 mInisset
329 1993 382 2055 pro
404 1975 514 2034 Licinio
539 1976 652 2053 posuit,
679 1976 741 2034 siue
764 1973 873 2035 Ennius
909 1992 960 2033 eas
988 1974 1163 2036 defendendi
1186 1986 1281 2036 castra

173 2095 272 2163 partes
298 2081 331 2141 (l.
355 2082 458 2155 Aelio,
486 2098 543 2139 non
568 2081 677 2141 LIcInio
698 2080 806 2141 tribuit.
852 2080 891 2138 At
915 2081 1033 2157 graqus
1060 2090 1107 2139 est
1135 2082 1212 2159 quod
1235 2084 1281 2141 cni

174 2189 361 2266 ascripsimus
383 2205 487 2244 uersus
508 2187 761 2247 duodeuicesimus
782 2187 892 2247 annalis
913 2187 991 2246 nulla
1014 2187 1153 2247 librorum
1173 2206 1280 2249 merno-

173 2300 215 2356 ria
246 2295 380 2354 traditur:
414 2310 535 2372 quornm
562 2293 733 2352 ParisIensis
761 2291 789 2350 id
819 2293 896 2371 quod
923 2294 992 2353 cIIm
1020 2293 1194 2370 uulgabatur
1214 2295 1279 2371 XII,

173 2402 276 2461 relicui
292 2400 346 2460 XV
368 2400 519 2478 praebent.
564 2400 609 2459 ne
634 2399 819 2473 duodecim,
843 2399 978 2475 quoniam
1000 2397 1069 2459 XIII
1092 2409 1121 2459 et
1141 2398 1210 2458 XIV
1231 2418 1279 2459 an-

172 2509 256 2567 nales
278 2507 384 2565 bellum
408 2507 558 2580 SyrIacum
582 2504 763 2585 occupabat,
786 2504 909 2579 cogitari
931 2505 1047 2583 nequit:
1071 2523 1167 2584 neque
1188 2508 1279 2582 magis

173 2614 310 2674 conuenit
328 2611 393 2687 XV,
421 2630 478 2690 qno
501 2613 585 2672 nobis
604 2612 695 2673 blanci
717 2610 810 2671 Fuluii
829 2628 877 2668 res
897 2619 1034 2670 tractatas
1049 2610 1142 2672 luIsse
1161 2631 1279 2691 persua·

172 2722 272 2781 slmns.
322 2715 451 2797 Cumque
481 2718 548 2778 XVI
576 2724 611 2778 'et
642 2716 724 2777 XVII
753 2717 843 2776 libros
879 2716 1032 2794 probabile
1066 2719 1103 2777 sit
1138 2717 1165 2776 in
1198 2718 1279 2777 annis

172 2824 340 2888 stt-573
362 2834 496 2884 uersatus
518 2844 598 2902 esse,
622 2824 692 2884 nibil
714 2823 844 2882 relicuas
864 2822 1008 2881 annalium
1027 2824 1209 2903 dispositioni
1229 2822 1277 2882 ad·

171 2931 381 2994 commodatius
409 2940 455 2989 est
485 2950 568 3009 qnam
595 2948 648 3012 pro
675 2929 730 2990 XII
760 2930 839 3007 (siue
867 2927 936 3007 XV)
967 2930 1071 3007 reponi
1092 2930 1184 2992 XIIX.
1231 2927 1276 2989 ct.

171 3039 299 3100 Ilitterus
322 3039 341 3097 l.
365 3037 386 3096 I.
410 3056 438 3116 p.
460 3036 531 3099 388.
730 3018 734 3024 ⁴

256 3145 377 3204 Ilestaut
399 3153 553 3222 praeterea
577 3144 634 3202 duo
659 3144 741 3203 huius
763 3143 827 3203 libri
850 3143 971 3202 frustula
994 3141 1006 3200 I
1025 3152 1055 3202 et
1071 3143 1128 3219 III,
1157 3160 1277 3222 quorum

171 3253 228 3313 boc
250 3253 391 3310 Incertum
414 3261 475 3325 est,
505 3251 575 3310 illud
594 3253 629 3311 od
654 3259 750 3309 castra
771 3249 964 3309 Romanorum
986 3250 1014 3308 iu
1034 3225 1194 3311 Histrorum
1216 3249 1277 3307 fini-

171 3358 225 3415 bus
248 3359 343 3434 posita
364 3355 549 3414 referendum
570 3357 693 3415 uidetur.

621 3687 747 3748 GAI'V'I
772 3689 826 3751 VII

256 3878 374 3941 Tantum
399 3878 435 3940 de
454 3879 537 3939 Ennii
568 3881 653 3958 poesi
676 3882 776 3958 epica:
804 3899 889 3958 quem
916 3892 1034 3960 praeter
1055 3881 1175 3942 annales
1199 3881 1276 3958 epici

169 3989 288 4066 generis
313 3987 382 4047 nihil
411 3986 537 4045 edidisse
566 3985 638 4045 inira
665 3988 805 4045 eulncam.
850 3987 889 4046 At
909 3990 937 4046 iu
957 3990 1074 4049 scenica
1097 3998 1160 4047 nrte
1182 3987 1275 4046 multi-

167 4095 254 4171 plicis
273 4094 380 4169 Ingenii
399 4099 487 4169 poeta
503 4092 675 4166 elaborauit,
697 4091 805 4170 dispari
822 4094 935 4170 quidem
954 4095 1050 4154 studio
1065 4113 1100 4154 ac
1115 4112 1274 4153 successu:

169 4200 282 4276 quando
311 4199 480 4275 tragoedIae
513 4209 542 4257 et
574 4199 680 4258 multae
714 4201 782 4259 olIm
817 4200 1095 4260 circumferebantur
1128 4209 1157 4259 et
1187 4199 1275 4259 multa
