2932 4942
587 339 829 410 RELIQVIAE

623 507 765 580 XXVIII
779 505 796 544 *

153 639 161 650 '
255 632 393 702 Seruius
414 631 448 700 in
461 631 546 700 Aen.
567 631 581 701 I
598 641 657 700 741
685 636 781 700 ‘sane
796 628 892 698 Atlas
908 627 1071 697 Graecum
1088 630 1157 712 est,
1182 627 1266 696 sicut

152 741 184 806 et
204 736 306 805 Nilus.
344 736 427 805 Nam
449 734 576 803 Ennius
604 732 681 802 dicit
706 733 815 803 Nilum
838 732 1001 802 Melonem
1032 730 1159 800 uocari:
1189 732 1266 799 At-

154 841 307 908 lantem
326 861 408 908 uero
426 836 708 907 Telamonem’
744 836 866 906 Ibidem
884 834 932 905 IV
952 843 1015 905 246
1039 840 1136 904 ‘sane
1152 834 1266 904 Latine

154 943 276 1012 Atlas
296 942 493 1012 Telamon
514 941 648 1026 dieitur,
677 940 763 1010 sieut
780 937 875 1010 Nilus
895 939 1001 1009 Melo'

636 1076 748 1146 XXIX
762 1078 777 1112 ¹t¹

255 1198 425 1268 Assaraco
445 1201 543 1266 natus
561 1195 662 1289 Gapis
683 1196 828 1288 optImus
849 1197 946 1290 isque
965 1195 1055 1288 pium
1075 1216 1119 1263 ex
1141 1216 1178 1263 se

255 1299 425 1371 Anchisen
443 1302 581 1393 generat

663 1437 761 1508 XXX
879 1503 881 1507 ,

257 1558 382 1650 Accipe
399 1557 509 1651 daque
527 1558 626 1628 fidem
642 1559 830 1650 foedusque
848 1555 908 1626 leri
926 1556 1011 1626 bene
1030 1552 1170 1661 firmum.

639 1695 751 1765 XXXI
764 1692 781 1730 *

203 1870 225 1896 „
255 1809 320 1881 Olli
344 1815 517 1905 respondit
535 1838 595 1885 rex
612 1815 710 1885 Albai
730 1815 846 1906 longai

631 1949 787 2023 xxxfl*

192 2078 233 2140 35
261 2069 355 2152 Quos
378 2070 528 2142 homines
552 2076 720 2167 quondam
737 2070 913 2170 Laurentis
928 2071 1018 2137 terra
1033 2065 1166 2155 recepit.

628 2211 769 2281 XXXIII
783 2207 799 2244 *

257 2326 396 2396 Seruius
416 2327 449 2396 in
467 2329 551 2398 Aen.
570 2328 618 2398 VI
637 2339 697 2401 778
722 2336 822 2422 ‘ergo
843 2349 908 2399 auo
928 2346 966 2394 se
986 2323 1084 2392 addet
1101 2323 1268 2391 comitem:

154 2434 212 2498 aut
235 2431 325 2500 auito
350 2453 387 2500 se
408 2431 524 2524 iunget
546 2433 700 2524 imperio,
735 2438 792 2503 aut
813 2435 901 2502 certe
923 2427 1104 2498 secundum
1127 2426 1268 2495 Ennium

153 2535 315 2603 referetur
334 2534 418 2603 inter
438 2534 520 2605 deos
538 2559 611 2604 eum
632 2538 757 2606 Aenea.
793 2536 879 2605 Dicit
900 2552 1040 2624 namque
1055 2529 1144 2599 Iliam
1165 2530 1269 2599 luisse

154 2635 253 2706 filiam
279 2637 434 2725 Aeneae3
478 2639 566 2732 quod
597 2639 625 2708 si
658 2643 726 2724 est,
761 2641 896 2709 Aeneas
925 2657 1009 2705 auus
1040 2635 1091 2702 est
1117 2628 1269 2703 Romuli!

153 2740 275 2809 Ibidem
297 2740 391 2810 1273
421 2742 585 2812 ‘Naeuius
608 2745 641 2812 et
654 2742 782 2812 Ennius
805 2743 940 2811 Aeneae
966 2761 1009 2807 ex
1028 2735 1095 2804 lilia
1115 2739 1268 2825 nepotem

154 2842 332 2912 Romulum
354 2845 558 2937 conditorem
582 2846 673 2915 urbis
696 2845 849 2915 tradunt'
892 2842 940 2911 ct.
964 2839 1162 2910 Niebubrins
1183 2839 1267 2907 Hist.

156 2945 251 3013 Rom.
272 2945 366 3015 1233
389 2946 440 3014 ed.
461 2956 490 3016 3.
514 2947 550 3016 F.
571 2948 717 3017 Rittems
739 2948 823 3017 Mus.
848 2943 961 3037 philol.
984 2941 1103 3010 11482.

155 3159 237 3193 noune
257 3143 535 3209 diuinaprouidentIa'
561 3163 584 3196 e.
605 3163 630 3209 q.
651 3162 673 3195 s.
744 3146 832 3196 XXIX
855 3145 1020 3208 Philargyrus
1036 3141 1061 3188 in
1076 3139 1168 3205 Georg.
1185 3140 1220 3188 111
1236 3139 1271 3191 35

155 3219 216 3279 ‘per
234 3213 388 3263 Assaracum
408 3213 533 3264 Troianos
553 3216 624 3265 dicit.
656 3215 721 3265 Nam
741 3218 883 3266 Assaracus
901 3228 965 3262 auus
988 3209 1125 3260 Anchisae.
1158 3210 1269 3260 Ennius:

157 3284 296 3333 Assaraco'
317 3299 340 3332 e.
355 3299 379 3345 q.
393 3299 416 3332 s.
488 3284 563 3334 XXX
581 3286 725 3336 Macrobius
740 3285 794 3337 Sat.
812 3287 847 3336 Vl
863 3286 876 3334 1
893 3299 920 3349 p.
934 3280 1051 3332 tostae.
1068 3280 1170 3344 ‘scalpe
1186 3279 1270 3344 daque

154 3353 244 3402 fldem:
265 3359 324 3400 sunt
336 3353 409 3402 nobis
424 3351 500 3402 fortia
512 3354 581 3404 bello
594 3356 709 3405 Pectora.
738 3355 814 3422 [Aen.
825 3355 885 3404 VIII
900 3350 961 3417 tao]
976 3351 1073 3401 Ennius
1089 3350 1114 3398 iu
1129 3350 1243 3416 primo..
1254 3351 1269 3398 .'

155 3420 194 3472 ef.
212 3420 355 3486 Porphyrio
373 3422 398 3470 In
414 3422 474 3472 Hor.
492 3423 576 3473 carm.
594 3427 686 3484 11124,
703 3425 737 3476 bo
754 3426 847 3475 ‘bene
862 3438 909 3490 pro
922 3422 999 3472 ualde
1012 3421 1138 3486 positum,
1158 3426 1186 3468 ut
1200 3421 1270 3487 apud

155 3492 265 3541 Ennium
285 3489 448 3554 frequenter·
520 3493 608 3544 XXXI
631 3495 724 3544 Atilius
742 3494 939 3546 Fortunatianus
961 3508 987 3558 p.
1003 3489 1070 3542 soal
1090 3490 1118 3537 P.
1142 3489 1209 3555 (340
1224 3489 1270 3553 G.)

154 3557 331 3623 (hexameter)
356 3562 492 3612 ‘minimus
510 3562 587 3614 habet
605 3563 667 3614 XII’
695 3564 746 3630 (sc.
766 3562 894 3630 syllabas)
919 3568 959 3611 ‘ut
977 3571 1015 3611 est
1034 3560 1179 3610 Ennianus:
1210 3561 1269 3611 olli’

155 3647 177 3679 e.
195 3646 219 3693 q.
234 3646 255 3679 s.
285 3630 399 3680 Donatus
416 3631 448 3682 de
461 3632 630 3683 barbarismis
645 3650 671 3699 p.
686 3634 755 3686 1772
769 3636 797 3683 P.
818 3633 868 3700 (30
879 3628 971 3689 Lind.)
987 3627 1140 3692 ιδιαίρεσις
1158 3668 1164 3678 .
1182 3667 1188 3679 .
1205 3668 1210 3679 .
1227 3638 1268 3679 ut:

155 3699 213 3749 olli'
233 3716 255 3749 e.
274 3716 297 3762 q.
316 3716 337 3748 s.
375 3702 513 3766 Pompeius
527 3703 620 3753 Donati
640 3714 775 3754 comment.
792 3721 818 3770 p.
833 3702 974 3754 4481111.
1000 3705 1073 3750 ‘nam
1088 3699 1212 3750 diaeresis
1232 3709 1271 3751 est

156 3770 252 3818 Albai
268 3769 378 3836 longai
395 3785 442 3836 pro
457 3785 487 3821 eo
503 3773 571 3834 quod
588 3781 627 3822 est
643 3773 725 3823 Albae
738 3773 848 3839 longae!
882 3773 953 3824 Idem
968 3770 1114 3836 exemplum
1128 3771 1231 3835 irrepsit
1244 3771 1270 3818 in

155 3839 214 3889 edd.
236 3839 297 3902 aliq.
318 3848 419 3890 ueteres
435 3841 527 3891 Isidori
541 3841 613 3907 Orig.
629 3841 688 3893 134
722 3842 828 3894 Seruius
843 3845 869 3892 In
883 3844 947 3893 Aen,
964 3839 1066 3892 111236
1081 3839 1157 3888 ‘olli
1176 3839 1215 3888 illi
1229 3855 1270 3888 se-

154 3909 265 3958 cundum
278 3910 406 3959 Ennium!
477 3910 576 3961 XXXII
595 3912 741 3962 PrIscIanus
752 3915 801 3963 VII
817 3929 843 3979 p.
854 3914 905 3963 762
919 3913 947 3960 P.
964 3911 989 3976 (I
1004 3927 1030 3976 p.
1042 3906 1093 3960 332
1108 3906 1153 3970 K.)
1172 3907 1270 3957 ‘Lau-

154 3979 272 4028 rentis'
299 3978 508 4046 (laurentius
529 3979 624 4047 Sang.)
647 3982 740 4032 ‘etiam
762 3997 809 4049 pro
826 3983 941 4032 Laurens
962 3980 1088 4030 dicebant.
1128 3978 1224 4026 Ennius
1244 3977 1271 4026 in

196 4233 232 4287 33
251 4230 383 4301 serusque
400 4226 490 4301 Neap.
598 4233 634 4289 35
655 4224 823 4308 Laurentius
840 4208 930 4286 Bera.
1018 4191 1221 4297 recipissent.

1282 1327 1295 1357 Ι
