2932 4942
617 340 973 402 runooanrnavu

778 511 814 582 V

342 614 410 684 Sed
439 614 516 683 mihi
546 636 588 682 ne
616 615 765 708 utiquam
795 616 854 686 cor
883 616 1046 685 consentit
1075 639 1148 687 eum
1176 622 1350 692 oculorum

902 720 1039 808 aspectu
1093 775 1101 789 .
1156 775 1164 791 .

655 852 929 923 ALEXANDER

757 957 771 1026 l
784 954 827 992 Η

342 1110 349 1125 .
403 1058 508 1126 mater
527 1056 669 1148 grauida
686 1059 803 1150 parere
823 1081 861 1128 se
883 1058 1052 1128 ardentem
1074 1061 1176 1132 facem

339 1159 424 1229 Visa
445 1161 497 1229 est
520 1161 553 1228 in
576 1162 701 1230 somnis
721 1161 874 1231 Hecuba:
903 1185 969 1254 quo
991 1164 1059 1233 fato
1084 1171 1177 1253 pater

336 1263 410 1332 Rex
428 1264 500 1355 ipse
519 1263 671 1335 Priamus
691 1265 839 1352 somnio,
867 1267 986 1335 mentis
1007 1272 1096 1335 metu

268 1376 308 1437 60
336 1365 536 1452 PerculsuS,
567 1367 655 1437 euris
672 1370 825 1459 sumptus
843 1368 1097 1458 suspirantibus,

337 1469 598 1539 Exsaorifieabat
620 1470 738 1545 hostiis
762 1471 959 1541 balantibus.

338 1574 422 1642 Tum
444 1573 666 1644 coniecturam
685 1575 835 1666 postulat
853 1576 971 1666 pace‘m
992 1578 1119 1666 petens,

335 1676 383 1745 Vt
400 1698 439 1746 se
457 1677 612 1747 edoceret
631 1679 812 1749 obsecrans
829 1677 1029 1769 Apollinem,

334 1778 408 1863 Quo
427 1780 505 1851 sese
521 1785 651 1851 uertant
668 1782 778 1851 mutae
799 1786 908 1851 sortes
929 1781 1103 1851 somnium.

264 1892 305 1952 65
332 1882 378 1952 lbi
398 1882 442 1953 ex
462 1883 574 1954 oraclo
593 1885 678 1956 uoee
699 1885 811 1955 diuina
828 1884 930 1955 edidit
1165 1961 1168 1966 ,

334 1985 474 2078 ΑρόΙΙο,
502 2009 642 2078 puerum
659 1989 786 2079 primus
808 1987 939 2058 Priamo
962 1987 1021 2078 qui
1043 1988 1129 2056 foret

333 2089 415 2158 Post
433 2091 491 2183 iila
505 2093 621 2176 natm,
649 2091 848 2182 temperaret
870 2090 1005 2160 toliere:

333 2192 416 2260 Eum
436 2193 513 2262 esse
536 2193 670 2263 exitium
689 2194 824 2279 Troiae,
852 2196 980 2285 pestem
1000 2190 1177 2284 Pergamo.

336 2394 463 2465 Volans
486 2396 527 2466 de
547 2398 640 2468 eaelo
664 2400 738 2468 mim
759 2420 884 2469 eorona
906 2401 939 2467 et
957 2395 1075 2466 taeniis

262 2578 286 2626 V
306 2577 394 2628 Cicero
406 2580 485 2629 Aead.
498 2594 537 2644 pr.
549 2581 572 2629 ll
585 2580 625 2640 17,
636 2570 670 2631 5'2
688 2583 772 2645 ‘quod
782 2581 851 2632 idem
861 2582 985 2647 contingit
995 2582 1102 2640 insanis,
1119 2586 1147 2630 ut
1157 2585 1182 2628 et
1191 2578 1343 2642 incipientes

227 2645 312 2697 iurare
324 2649 434 2698 sentiam
446 2657 470 2698 et
484 2649 569 2700 dicant
582 2650 689 2714 aliquid,
708 2652 777 2715 quod
791 2665 841 2701 non
855 2652 898 2711 sit,
917 2651 945 2700 id
957 2651 1041 2701 uideri
1054 2651 1126 2710 sibi;‚
1137 2657 1161 2699 et
1175 2663 1243 2698 oum
1256 2649 1343 2697 reia-

226 2723 356 2778 xentur,
379 2719 488 2769 sentiant
506 2725 582 2783 atque
599 2720 645 2770 iila
665 2720 751 2771 dicant
769 2721 983 2770 Alcmaeonis
1003 2718 1079 2785 [oo].’
1111 2719 1208 2769 Ibidem
1219 2719 1243 2766 11
1254 2716 1343 2777 27,oe

228 2789 301 2836 ‘cum
321 2795 485 2852 experrectus
505 2796 572 2840 esset
591 2789 688 2840 Ennius
707 2806 757 2841 non
777 2806 805 2841 se
825 2791 923 2840 uidisse
931 2790 1089 2850 Homerum,
1113 2789 1160 2839 sed
1174 2789 1264 2838 uisum
1274 2802 1341 2845 esse,

225 2856 361 2907 Alcmaeo’
387 2857 531 2925 (aitineo
551 2857 617 2909 Gud.
642 2860 758 2911 altmeo
778 2858 846 2924 nri.)
868 2863 981 2909 ‘autemz
1006 2860 1063 2910 sed
1152 2857 1341 2908 consentit!

224 2926 315 2976 Festus
335 2942 362 2993 p.
388 2927 437 2980 165
459 2928 493 2978 Μ.
521 2931 732 2993 ‘neutiquam
754 2929 812 2996 [pro
826 2929 896 2979 nullo
911 2929 986 2979 modo
1002 2929 1054 2980 dici
1068 2929 1141 2978 testis
1155 2934 1193 2978 est
1210 2923 1262 2991 ...]
1283 2941 1341 2976 oum

225 2996 274 3046 ait:
293 2998 409 3048 sed...2
419 3035 684 3050 .................
699 3001 781 3051 lorum
795 3000 901 3069 aspect!
930 2998 1021 3049 ctlv

168 3071 173 3083 '
259 3066 436 3117 Atltxnrtnun
480 3069 491 3117 1
520 3068 608 3119 Cioero
630 3070 662 3119 de
680 3072 733 3122 diu.
755 3071 766 3119 l
787 3069 835 3129 21,
856 3071 891 3120 42
919 3069 996 3119 ‘haec
1019 3069 1096 3119 etism
1118 3067 1141 3115 si
1163 3066 1222 3115 fleta
1244 3071 1303 3114 sunt
1325 3079 1341 3112 a

121 3152 123 3160 ·
224 3138 315 3200 poeta,
337 3150 388 3187 non
400 3130 497 3187 'absunt
509 3146 594 3188 tamen
614 3139 827 3190 aconsuetudiue
840 3139 1005 3189 somniorum.
1040 3136 1080 3186 Sit
1098 3151 1161 3186 sane
1181 3136 1257 3185 etiam
1275 3134 1340 3183 iilud

224 3207 441 3267 commenticium,
483 3223 532 3270 quo
554 3208 670 3259 Priamus
693 3218 732 3260 est
754 3208 935 3267 conturbatus,
972 3208 1034 3271 quia
1060 3213 1167 3256 mater
1187 3203 1339 3270 grauida'

224 3289 246 3323 e.
263 3291 288 3339 q.
305 3290 327 3324 s.
356 3276 432 3339 qnia
444 3275 574 3327 Ciceronis
590 3293 647 3328 esse
662 3277 690 3329 0.
707 3279 864 3329 Ribbeckius
879 3277 1020 3336 intellexit3
1040 3275 1130 3326 eodem
1149 3282 1251 3324 auctore
1264 3274 1340 3323 Ennii

223 3343 372 3396 Alexandro
389 3348 497 3411 ascripsi
512 3344 682 3414 fragmentum
753 3350 776 3398 11
795 3348 886 3399 Festus
899 3363 926 3413 p.
938 3346 990 3400 360
1003 3346 1038 3396 Μ.
1059 3346 1202 3395 ‘taenias
1217 3343 1339 3394 Graecam

264 3489 298 3544 56
318 3502 352 3540 ne
368 3488 493 3558 utiquam
509 3487 570 3543 Eri.
587 3488 641 3544 Cic.
656 3489 744 3544 Acod.
767 3485 804 3543 II
815 3493 860 3548 88.
884 3489 1045 3561 nentiquam
1069 3486 1139 3543 aaa.
1164 3485 1229 3541 itin
1250 3484 1339 3539 neuti-

223 3586 306 3641 quam
327 3574 413 3626 ceteri
495 3587 543 3625 eor
565 3573 648 3628 sentit
666 3572 728 3628 Ert.
746 3572 799 3646 Cic.
814 3573 903 3629 Acod.
925 3571 963 3628 ΙΙ
978 3577 1014 3632 88
1100 3574 1133 3631 st
1163 3571 1229 3643 quia
1251 3575 1339 3625 mater

221 3655 303 3727 uulpo
388 3660 424 3714 58
438 3656 493 3710 fato
507 3655 647 3726 Heinsius,
662 3654 693 3713 0.
704 3653 877 3717 Ribbec'lciss.
893 3658 966 3713 iacto
980 3657 1045 3714 titre·
1148 3661 1184 3716 m
1198 3656 1339 3711 coniectu·

222 3756 282 3795 ram
303 3737 381 3794 Leia.
402 3745 429 3794 et
448 3738 510 3794 cdd.
530 3741 594 3812 aliq.
617 3739 718 3796 Orellii.
746 3743 937 3797 coniecturum
958 3741 1022 3798 Eri.
1048 3739 1127 3797 Vua
1149 3741 1336 3796 coniectorem

221 3826 307 3880 ceteri
408 3827 443 3884 63
469 3823 584 3879 doceret
612 3825 693 3883 thl.
714 3827 777 3881 cdd.
791 3829 856 3899 aliq.
874 3825 968 3882 Orellii
1051 3827 1209 3897 apollonem
1231 3824 1295 3880 Erl.

262 3908 550 3970 (tisomniornmEri.
635 3910 865 3969 otoraeulonrt
937 3925 1036 3967 uocem
1050 3911 1175 3967 diuinam
1187 3907 1340 3966 canuno

219 3994 353 4052 nouom
436 3994 549 4049 diuinae
567 3993 645 4050 dedit
653 3994 731 4051 zeid.
815 3997 938 4068 66prius
957 3993 1038 4051 Vina.
1122 3997 1158 4055 67
1169 3999 1339 4066 temperaret

220 4081 317 4136 toliere
332 4080 393 4136 cod.
411 4079 507 4150 Vostii,
529 4078 609 4136 Vind.
624 4096 661 4135 m.
672 4097 730 4151 pr„
745 4097 799 4136 om.
812 4082 873 4138 cod.
886 4081 916 4137 S.
936 4080 1060 4139 Victoris.
1075 4085 1222 4152 temptaret
1237 4080 1337 4134 toliere

219 4164 341 4220 Palati
361 4164 425 4221 Eri.
446 4172 578 4235 tempora,
592 4166 725 4221 extollere
746 4164 825 4226 Vina.
846 4183 882 4222 m.
903 4167 953 4221 att·
972 4173 1100 4236 tsmpora
1121 4171 1148 4220 et
1165 4165 1262 4221 tollere
1278 4163 1333 4220 ars.

218 4254 344 4320 tempora
359 4249 433 4305 hune
449 4251 472 4306 si
488 4251 595 4305 tolleret
607 4248 690 4323 aulon
1130 4291 1134 4298 -
