2932 4942
167 348 301 398 uxxxvu
573 322 884 397 QVAESTIONES

168 505 302 565 rietatem
329 496 432 556 subeat
454 495 490 554 dc
519 502 616 553 satura
642 490 782 567 cogitatio
810 520 852 531 —
872 504 968 563 neque
991 484 1066 543 enim
1086 482 1134 561 qui
1155 480 1281 539 indolem

168 618 284 668 saturae
305 602 454 664 Ennianae
469 601 620 676 cognorit,
643 595 787 655 infandum
807 589 942 652 clamabit
964 597 1059 647 laniae
1078 587 1172 646 laudis
1191 588 1282 645 uirum

168 716 197 773 iu
219 720 315 771 satura
334 708 495 787 praedicari
510 739 553 749 -
567 716 625 765 tum
647 702 761 762 adiuuat
784 697 973 774 suspitionem
993 695 1174 753 coniunctum
1191 693 1283 771 quod·

170 820 235 881 dam
257 815 343 876 Nouii
365 811 577 887 Ciceronisque
600 807 811 868 testimonium:
836 817 956 879 quorum
980 798 1030 857 ille
1054 816 1129 876 quae
1153 799 1243 858 uerba
1267 818 1284 858 e

168 927 253 987 tertio
276 932 438 982 saturarum
455 917 554 977 citauit
573 925 675 974 testes
695 922 778 972 cont
791 915 873 969 Lati
890 912 1007 980 campi
1020 925 1088 981 quos
1100 912 1173 982 perit
1184 910 1286 982 Africa

170 1042 249 1092 terra
267 1035 381 1105 politos,
406 1041 441 1082 ea
464 1041 481 1081 e
505 1020 649 1081 Cicerone
672 1015 894 1095 gloriabundum
918 1011 955 1070 de
977 1029 1009 1069 se
1032 1012 1200 1089 Scipionem
1224 1013 1284 1073 cdi-

171 1137 252 1196 disse
273 1131 443 1206 couligitur:
464 1125 501 1184 de
524 1123 571 1182 lin.
587 1123 615 1184 b.
642 1133 671 1183 et
693 1142 731 1182 rn.
754 1120 781 1181 ll
803 1120 861 1194 32,
888 1117 947 1177 106
969 1124 1060 1193 itaque
1080 1122 1183 1178 beotrcr
1205 1123 1285 1195 Afri-

171 1258 259 1299 canus
280 1258 342 1297 cum
359 1239 457 1309 patria
478 1236 523 1289 illo
544 1235 623 1289 modo
643 1236 756 1305 loquens
784 1231 890 1285 ‘desine
910 1227 1001 1282 Romo
1022 1234 1081 1283 tocco
1103 1222 1213 1282 bostb':
1240 1241 1283 1280 re·

171 1351 297 1420 licuaque
316 1342 474 1415 praeclare.
513 1337 598 1393 ‘Nom
621 1339 667 1394 tibi
685 1340 851 1392 munimento
874 1336 927 1389 mci
943 1348 1084 1405 peperere
1103 1332 1232 1387 labores?
1257 1337 1287 1387 et

173 1449 209 1508 de
231 1454 305 1506 orat.
328 1441 440 1517 11142,
463 1441 522 1501 167
545 1445 666 1499 ornandi
685 1457 771 1497 causo
783 1443 930 1512 proprium
944 1441 1065 1509 proprio
1080 1444 1286 1493 commutatum:

172 1558 278 1612 ‘desine
298 1584 334 1594 -
357 1551 468 1612 bosiic'5
491 1556 516 1605 el
537 1550 664 1605 ‘testeo
682 1552 764 1604 sunl
785 1549 904 1617 canapi
923 1542 1059 1617 magni)
1096 1539 1178 1599 Haec
1193 1542 1287 1599 omnia

174 1651 281 1713 Cicero
305 1670 343 1709 ex
357 1649 450 1710 Ennio
474 1669 559 1729 quem
582 1667 640 1708 uon
661 1650 789 1708 nominat
811 1648 960 1707 delibauit.
1010 1646 1074 1707 Nec
1096 1647 1143 1723 qui
1165 1645 1286 1705 Cicero·

175 1775 241 1818 uem
255 1756 369 1815 nouerit
385 1766 413 1815 et
428 1775 484 1835 qua
500 1757 612 1815 ratione
633 1764 752 1814 ueteres
776 1753 866 1812 citare
887 1761 1023 1811 auctores
1040 1751 1146 1826 soleat,
1168 1751 1287 1810 multum

173 1866 202 1923 iu
221 1860 347 1922 leuicula
369 1879 444 1939 quae
468 1870 512 1919 est
538 1863 567 1920 in
589 1868 683 1935 compi
702 1865 797 1935 magni
817 1867 846 1917 et
869 1864 919 1917 lati
937 1864 1031 1932 campi
1053 1856 1204 1916 uocabulis
1229 1858 1287 1917 dis·

174 1967 322 2045 crepantia
345 1964 492 2024 haerebit:
517 1984 581 2024 cum
596 1967 769 2043 praesertim
793 1964 870 2022 citati
891 1963 927 2023 ab
950 1962 1045 2023 Nouio
1067 1967 1173 2022 ‘testes
1195 1962 1236 2022 illi
1260 1964 1288 2021 iu

174 2072 276 2132 Africa
296 2071 402 2146 campi'
418 2072 546 2129 nesciam
569 2087 626 2147 quo
643 2071 737 2146 aptius
761 2086 845 2145 quarn
868 2070 905 2129 ad
921 2070 1089 2147 Scipionem
1111 2067 1285 2126 referantur.

175 2177 239 2250 Qua
263 2194 295 2234 re
325 2192 388 2233 cum
418 2175 532 2232 tertium
558 2185 718 2235 saturarum
742 2174 845 2234 librum
867 2177 922 2235 iam
948 2190 1006 2233 uon
1029 2172 1118 2232 liceat
1140 2171 1288 2250 Scipionis

176 2280 311 2341 laudibus
328 2278 514 2353 defraudare,
539 2278 649 2356 quidni
673 2280 767 2339 eidem
788 2290 847 2339 tres
871 2282 1043 2359 eScipioue
1067 2296 1142 2356 quae
1165 2279 1289 2337 citantur

175 2386 315 2464 reliquias
338 2379 540 2444 ascribamus?
573 2380 661 2443 Cuius
685 2395 801 2446 saturae
825 2405 884 2464 ego
907 2388 982 2447 hauc
1003 2385 1070 2445 mibi
1092 2383 1224 2461 speciem
1247 2381 1288 2438 iu·

174 2490 314 2565 formam,
340 2499 368 2549 ut
391 2496 479 2567 poeta
503 2506 559 2547 non
588 2507 700 2549 omnem
723 2491 871 2569 Scipionis
894 2495 981 2552 uitam
1008 2488 1206 2570 percurrerit,
1235 2485 1289 2545 sed

177 2595 215 2655 ob
234 2613 283 2654 res
306 2597 334 2654 iu
356 2593 456 2653 Africa
477 2593 646 2654 felicissime
668 2604 768 2672 gestas
790 2595 960 2655 familiarem
984 2593 1041 2653 sibi
1063 2594 1168 2654 ducem
1189 2594 1287 2669 singu·

176 2702 230 2761 lari
254 2703 380 2761 carmine
403 2709 578 2777 prosecutus
602 2704 648 2760 sit.

260 2804 361 2866 Nexus
387 2823 422 2865 ac
449 2823 554 2864 seusus
578 2806 765 2884 reliquiarum
793 2796 867 2884 quae
896 2807 931 2867 ad
953 2806 1120 2884 Scipionem
1144 2803 1290 2881 pertinent

175 2912 241 2971 iero
264 2911 292 2969 iu
314 2919 418 2988 aperto
442 2919 495 2968 est.
540 2909 582 2968 lta
605 2908 650 2969 bis
672 2910 806 2970 uersibus
824 2917 944 2971 mundos
964 2916 1036 2969 caeli
1057 2918 1154 2970 cactos
1173 2915 1291 2968 constitit

176 3021 282 3075 mentio
304 3034 331 3074 e.
356 3033 384 3092 q.
410 3033 434 3072 s.
460 3015 532 3094 (IV)
562 3033 626 3074 cum
653 3018 702 3076 alii
733 3028 791 3076 tum
815 3017 943 3076 Ritterus
973 3016 1118 3076 intellexit
1140 3017 1289 3094 Scipionis

177 3121 205 3178 iu
227 3119 356 3178 Africam
377 3121 591 3197 nauigationem
611 3121 744 3200 depingi:
768 3123 845 3182 conl.
867 3122 949 3181 Liuio
971 3121 1095 3181 XXVIll
1116 3123 1155 3181 17
1171 3128 1288 3198 apso...

174 3229 319 3301 profectus
347 3232 495 3300 tranquillo
522 3233 597 3285 mari
622 3233 773 3301 pluremum
794 3235 891 3300 remis,
924 3233 1060 3288 interdum
1083 3233 1184 3287 ellani
1208 3233 1288 3287 adio-

176 3337 259 3388 cante
290 3337 370 3386 uento
406 3337 434 3388 in
466 3335 595 3406 Africam
627 3340 740 3391 aramme.
789 3332 993 3409 Fragmentum
1031 3333 1154 3393 alterum
1189 3339 1290 3409 quique

172 3442 292 3507 propter
313 3436 479 3493 Hannibalis
506 3444 600 3510 copias
623 3442 780 3495 conciderat
801 3438 859 3516 (V)
883 3440 1009 3498 fortasse
1033 3439 1129 3498 locum
1151 3440 1179 3497 in
1201 3438 1289 3517 adpa-

180 3545 242 3595 ratu
266 3536 371 3612 proelii
391 3537 504 3598 habuit:
533 3542 648 3600 tertium
669 3549 778 3617 sparsis
799 3548 885 3604 bostro
908 3563 934 3604 e.
959 3563 988 3625 q.
1013 3564 1038 3603 s.
1062 3543 1136 3625 (Vl)
1165 3564 1204 3604 cx
1223 3546 1289 3623 ipso

181 3650 324 3718 sumptum
354 3646 520 3703 certamine.
566 3645 688 3707 Relicua
711 3648 746 3708 ad
769 3648 872 3710 laudes
887 3649 1053 3709 referuntur
1076 3649 1112 3711 ab
1138 3651 1203 3728 ipso
1226 3651 1289 3709 Sci·

180 3748 267 3825 pione
289 3746 325 3805 de
346 3764 379 3805 se
402 3749 599 3826 praedicatas:
621 3759 714 3813 decim
729 3759 819 3814 Roma
840 3765 899 3815 tuos
917 3759 1000 3814 booc'c
1016 3791 1059 3803 --
1074 3778 1140 3815 nom
1160 3760 1208 3815 tibi
1228 3777 1290 3816 mc-

178 3860 298 3913 nimento
323 3858 377 3911 mei
391 3870 532 3928 peperere
554 3861 662 3919 labores
688 3894 723 3902 —
750 3870 829 3920 testes
849 3870 913 3921 sunt
931 3865 996 3919 doti
1014 3869 1107 3938 compi
1129 3881 1197 3938 quos
1219 3869 1292 3938 gerit

177 3963 278 4034 Africo
299 3968 377 4017 terro
391 3965 492 4033 politos
515 3959 584 4037 (X).
630 3961 712 4034 Quos
731 3983 835 4024 uersus
857 3964 985 4023 Ritterus
1007 3965 1026 4024 l.
1049 3967 1069 4026 l.
1093 3984 1122 4045 p.
1138 3965 1200 4026 394
1223 3984 1289 4044 por-

180 4063 331 4122 commode
361 4065 404 4122 eis
439 4064 614 4141 inlustrauit‚
648 4087 723 4146 quae
751 4069 848 4129 Liuius
878 4068 1031 4131 xxxvlss
1058 4071 1100 4131 50
1131 4071 1288 4150 perbibuit,

181 4164 348 4246 Scipionem
369 4169 411 4246 (a.
435 4190 462 4228 u.
488 4189 513 4229 c.
532 4170 609 4250 565)
632 4191 649 4231 a
671 4173 781 4234 Petiliis
802 4177 830 4233 iu
852 4176 897 4234 ius
919 4185 1054 4236 uocatum
1071 4184 1130 4237 sice
1152 4182 1210 4237 utta
1232 4184 1288 4236 cri-
