2932 4942
607 301 838 358 ENNlANAE
864 317 868 323 ·

340 466 437 548 ζῶντ’,
459 461 527 531 ἄλλ’
550 462 652 542 ἕαώζει
673 465 723 527 καὶ
744 471 824 527 ποιεῖ
841 457 943 544 ψυχὰν
962 467 1046 546 ἔχειν.

340 567 373 635 τὸ
394 570 427 633 δὲ
448 563 543 649 σοφὸν
566 564 585 632 ἆ
606 566 695 647 φύσις
714 560 777 629 τόδ’
799 563 880 628 οἶδεν
902 559 941 640 ὥς
961 568 1018 647 ἔχει

256 666 258 671 ’
340 671 432 755 μόνα·
455 675 646 736 πεπαίδευται
666 666 724 752 γὰρ
746 661 893 742 αὐταύτας
911 662 993 734 alatri·¹

176 805 238 879 Qua
261 820 380 863 recum
399 819 455 860 non
477 798 567 859 facilc
588 797 657 858 alibi
681 815 765 876 quam
784 799 813 856 in
836 799 1010 874 cognomine
1032 799 1159 859 carmine
1179 801 1284 880 proba·

176 912 235 972 bile
257 914 295 985 sit
310 908 432 970 Ennium
448 904 543 966 Siculi⁴
560 923 664 984 uersus
682 922 722 990 ac
744 890 910 963 sententias·
925 907 1124 993 cqnuertisse,
1146 906 1215 968 huic
1233 926 1284 988 po·

174 1023 230 1080 tius
254 1018 372 1078 carmini
395 1032 480 1093 quarn
502 1010 645 1071 annalium
666 1010 838 1090 prohoemio
861 992 1056 1098 uersus-'illos
1081 1031 1145 1072 cum
1177 1018 1286 1074 ceteris

175 1127 274 1187 iubent
296 1123 406 1184 inferri.
445 1119 483 1179 At
499 1128 595 1178 tamen
611 1116 733 1177 Ennium
756 1120 784 1178 in
800 1136 836 1177 eo
855 1119 981 1179 carmine
998 1135 1056 1177 non
1071 1121 1125 1180 nisi
1140 1121 1284 1200 interpre-

176 1241 234 1291 tem
261 1231 360 1307 egisse
383 1227 549 1307 Epicharmi
579 1225 812 1305 uelimprlmum
838 1225 906 1286 mihi
930 1227 994 1286 aliis
1021 1245 1106 1305 quam
1129 1227 1187 1288 illis
1210 1246 1284 1308 quos

135 1374 138 1382 ·
176 1357 264 1418 supra
286 1338 371 1415 posui
394 1333 514 1395 Graecis
542 1333 676 1392 uersibus
699 1332 834 1412 probari:
863 1333 966 1413 quibus
995 1335 1095 1394 mirum
1124 1344 1169 1393 est
1196 1352 1283 1413 quos·

175 1447 239 1507 dam
273 1463 331 1505 non
362 1442 471 1503 uidisse
491 1443 676 1502 ¹sententiam
704 1443 852 1509 contineri
883 1458 1005 1519 prorsus
1040 1442 1212 1501 contrariam
1246 1441 1285 1519 ei,

174 1573 259 1633 quam
290 1569 372 1633 quos,
394 1548 460 1608 inde
490 1556 641 1628 promptos
671 1548 774 1608 uolunt
803 1565 906 1607 uersus
927 1547 1019 1608 Latini
1041 1534 1176 1636 indicant.
1207 1549 1285 1640 'Nec

175 1662 223 1739 qui
245 1660 350 1719 Latinis
368 1657 452 1716 Ennii
483 1651 699 1723 uelitllraecis
727 1655 789 1713 istis
819 1653 993 1733 responderi
1021 1654 1109 1714 habet
1134 1658 1282 1735 prolecto,

175 1783 233 1844 quo
253 1765 376 1824 maxime
396 1763 722 1821 coniecturumtutetur.
747 1755 791 1817 Gi.
809 1757 839 1817 L.
853 1753 1162 1834 Schmidtius'Quaest.
1176 1763 1280 1844 Epich.

176 1891 205 1952 p.
229 1869 269 1931 52
293 1888 337 1948 sq.
372 1868 524 1951 Sedesto
536 1874 567 1924 ut
589 1865 631 1925 illi
649 1862 751 1926 u'oluut
771 1867 950 1925 conuerterit
966 1865 1074 1926 Ennius
1089 1869 1283 1949 Epicharmea

175 1989 206 2040 et
232 1979 410 2039 conuerterit
439 1975 524 2034 etiam
545 1973 721 2051 illamquae
744 1971 864 2033 Graecis
891 1970 989 2031 uerbis
1013 1974 1124 2035 relicua
1146 1985 1192 2036 est
1217 1996 1282 2038 seu·
1328 2050 1338 2068 Ι

175 2088 307 2160 tentiam,
336 2083 401 2143 iude
426 2099 530 2143 uersus
555 2079 623 2140 illos
654 2079 840 2140 hexametros
870 2097 927 2139 uon
955 2081 1141 2160 consequens
1168 2085 1224 2144 erit
1252 2094 1283 2145 ut

173 2177 349 2273 Epicharmo
368 2189 516 2250 attribuas.
557 2188 652 2248 Potuit
669 2189 744 2246 euim
760 2187 886 2263 Ennius,
910 2206 985 2247 cum·
997 2190 1025 2255 in
1049 2191 1192 2251 annalium
1213 2210 1281 2271 pro·

160 2304 289 2363 'hoemio
318 2309 348 2360 et
374 2276 591 2378 philosophiam
619 2296 776 2371 attingeret
804 2303 834 2353 et
862 2295 942 2355 illum
971 2295 1068 2356 locum
1094 2301 1143 2376 qui
1172 2309 1218 2359 est
1244 2301 1281 2361 de
1369 2294 1375 2304 ’

85 2392 88 2398 ’
173 2419 272 2470 natura
299 2410 471 2479 animarum,
512 2400 692 2462 commodam
719 2400 884 2479 Epicharmi
916 2406 1093 2465 sententiam.
1120 2409 1281 2486 asciscere,

173 2536 258 2597 quam
286 2524 392 2596 postea
418 2512 446 2570 in
475 2509 670 2589 Epicharmo,
704 2510 729 2568 si
757 2505 872 2587 quidem
896 2509 955 2571 hoc
987 2530 1103 2572 carmen
1134 2516 1282 2593 posterius

172 2634 218 2684 est
236 2616 404 2695 ahnalibus,
429 2619 550 2697 propius
570 2613 682 2678 Graeca
699 2625 818 2677 secutus
840 2634 1037 2696 expressurus
1051 2630 1131 2708 flerat.
1176 2622 1281 2699 Potuit,
1299 2688 1301 2692 ,

171 2735 301 2810 iuquam,
333 2728 457 2790 Ennius:
499 2727 585 2784 immo
620 2723 822 2783 commendant
854 2725 996 2785 rationem
1030 2710 1173 2807 quaedam
1206 2746 1282 2807 quae

79 2812 81 2817 Ι
171 2838 260 2897 hodie
282 2843 381 2895 extant
399 2831 577 2910 'hagruenta
624 2829 717 2905 Quem
741 2834 817 2892 euim
838 2831 932 2893 Varro
960 2833 996 2894 de
1022 2833 1053 2893 L.
1069 2834 1100 2894 b.
1123 2834 1150 2893 V
1171 2835 1211 2895 60
1235 2835 1279 2902 bt.

172 2939 301 3000 laudauit
335 2940 534 3000 hexametrum
574 2950 705 3013 terraque
745 2958 849 3012 corpus
883 2943 960 3010 Quae
996 2944 1068 3001 dedit
1109 2948 1172 3018 ipsa
1207 2949 1283 3019 capit

172 3061 260 3119 neque
283 3048 411 3119 dependi
427 3050 499 3120 facit
516 3050 600 3103 hilam
623 3041 742 3120 (Xlll),
776 3028 803 3101 el
822 3046 878 3104 uisi
899 3063 1083 3125 comparem,
1105 3056 1134 3108 at
1156 3049 1279 3108 similem

172 3150 345 3210 sententiam
374 3149 426 3218 hic¹
453 3156 569 3209 uersus'
587 3152 716 3210 continet
740 3167 801 3235 eo,
843 3142 929 3229 quem
960 3153 1074 3213 unicum
1102 3154 1279 3234 Epicharmo

172 3257 367 3334 uindicamus,
403 3275 523 3317 numero
554 3256 705 3317 trochaico
738 3259 921 3336 conscriptus
953 3262 1037 3320 tc'rris
1063 3266 1167 3334 paneis
1194 3267 1280 3321 omna

165 3372 280 3443 peperit
299 3368 326 3426 e't
347 3373 461 3426 remmia
479 3371 565 3425 denuc
602 3362 721 3442 (Epich.
746 3363 813 3444 IV).
841 3365 905 3426 Nec
922 3384 1004 3444 saue,
1021 3370 1076 3428 nisi
1093 3369 1141 3446 qui
1157 3370 1277 3446 argutiis

170 3491 232 3533 rem
256 3475 326 3549 agit,
338 3473 443 3554 ¹eidem
457 3482 609 3552 utrumque
624 3471 800 3551 Epicharmo
816 3474 923 3534 ascribi
937 3475 1090 3555 perstabit.
1125 3471 1278 3538 Rationum
1305 3474 1308 3481 '

170 3579 405 3660 probabilitatem
428 3581 453 3640 si
472 3582 622 3660 sequeris,
654 3579 945 3660 huucpostericrem
966 3585 1108 3645 suadente
1130 3593 1161 3643 et
1181 3593 1276 3662 metro

170 3697 199 3748 et
230 3705 319 3746 seusu
341 3686 535 3767 Epicharmo,
567 3686 688 3747 alterum
716 3688 866 3748 annalibus
889 3692 969 3750 etei
992 3693 1107 3771 quidem
1128 3693 1203 3770 parti
1226 3710 1275 3752 au·

169 3794 291 3869 naliuur,
322 3813 378 3874 qua
399 3795 457 3855 hoc
479 3803 561 3855 certe
582 3794 720 3870 uicimus,
745 3776 876 3873 opinor,¹
892 3795 1081 3877 philosophe·
1098 3798 1277 3858 disseruisse
1385 3849 1389 3858 .

169 3906 296 3980 poetam,
319 3901 461 3979 adpones.
1211 3913 1216 3921 “

252 4005 376 4079 Restant
392 4008 449 4069 duo
472 4008 508 4068 de
530 4008 654 4068 exordio
676 4026 791 4084 uersus,
814 4008 851 4068 de
869 4009 977 4088 quibu's
995 4012 1074 4069 iuuat
1095 4007 1187 4068 uerbo
1213 3987 1274 4066 moss

93 4139 98 4148 ·
167 4135 249 4177 nere.
273 4113 277 4120 '
302 4115 377 4176 Huic
404 4117 479 4177 euim
507 4116 670 4193 fragmento
697 4134 769 4190 qaae
802 4133 875 4174 caua
909 4135 1028 4192 corpore
1053 4120 1181 4203 coenatica
1212 4134 1273 4174 cor·
1299 4112 1301 4116 ’

167 4231 224 4284 tina
249 4234 372 4301 receptat
399 4221 473 4303 (xl)
505 4221 608 4284 dudum
631 4224 659 4282 iu
691 4221 811 4282 annales
838 4220 893 4281 sed
916 4239 1017 4300 parum
1053 4218 1274 4281 commendabili
