2932 4942
606 338 850 418 aunrnvrnn

711 516 759 586 lV

278 669 424 760 Lapidec
443 672 520 737 sunt
538 668 639 738 crirde
659 666 768 752 multi,
797 665 882 759 queis
900 688 966 735 nnn
986 665 1117 734 miseret
1136 665 1283 736 ne'rninis.

696 839 730 909 V
744 838 761 877 *

191 999 250 1058 175
279 1043 722 1060 ........
775 995 811 1062 rit
830 1014 894 1062 uns
917 992 1020 1061 nostri
1044 989 1135 1058 liberi

276 1091 477 1178 Defendant,
504 1115 565 1184 pra
588 1092 704 1164 nistra
723 1095 791 1165 uita
810 1095 905 1166 marti
926 1095 1120 1166 occumbant
1144 1093 1285 1163 Obuiam.

707 1266 754 1336 Vl

275 1414 387 1484 ‘Arma
407 1415 532 1510 rigent,
560 1415 757 1486 horrescunt
778 1417 852 1486 tela.

683 1586 744 1657 Vll
759 1590 775 1624 *

276 1739 450 1809 parentem
469 1744 501 1809 et
520 1737 688 1831 paulinam,
715 1737 765 1823 di,
788 1740 932 1831 seruate]
954 1739 1129 1829 sispitem!

675 1906 751 1979 VIII
766 1907 782 1942 *

402 2115 410 2131 .
464 2061 574 2132 uiuam
599 2082 640 2129 an
662 2058 800 2142 murier,
828 2058 918 2128 nulla
938 2058 969 2127 in
990 2081 1041 2128 nne
1063 2059 1115 2130 est
1135 2067 1200 2132 met
1225 2086 1252 2133 s,

677 2229 780 2302 w*

190 2388 248 2452 180
275 2380 382 2468 Haec,
411 2381 590 2453 bellicosus
610 2388 665 2455 cui
684 2388 794 2476 pater,
821 2383 925 2453 mater
947 2382 1034 2452 cluet
1054 2384 1211 2455 Minerua.

170 2597 227 2646 cod.
248 2599 352 2659 Vrsini,
378 2599 491 2650 Muretus
505 2601 566 2649 Var.
582 2600 652 2651 Lect.
668 2600 727 2650 xm
741 2597 781 2650 10,
803 2601 953 2666 crepitcn
971 2600 1044 2650 Leid.
1064 2601 1161 2653 Genea.
1184 2606 1285 2672 aripi-

170 2674 222 2715 tec
238 2669 315 2717 ceteri
326 2666 400 2732 libri)
470 2671 505 2719 IV
523 2670 613 2720 Festus
628 2686 654 2736 p.
667 2669 759 2721 16211,
777 2672 931 2719 ‘neminis
943 2696 1018 2706 ——
1035 2670 1153 2738 [Ennius]
1168 2676 1285 2725 Erech-

169 2734 256 2785 then:
284 2738 402 2802 lapidec'
427 2755 450 2787 e.
472 2755 497 2802 q.
518 2755 541 2788 s.
574 2739 751 2805 (Erectheo
773 2739 830 2788 cod.
854 2747 917 2788 teste
938 2739 969 2788 Η.
991 2739 1073 2789 Kciiio
1094 2742 1110 2789 1.
1131 2743 1149 2792 Ι.
1172 2760 1198 2808 p.
1219 2744 1285 2809 621)

171 2804 266 2853 Paulus
283 2821 309 2871 p.
328 2806 376 2857 163
389 2807 423 2856 M.
446 2809 599 2858 ‘neminis
613 2809 731 2874 genetiuo
745 2823 806 2857 casu
820 2807 897 2858 Cato
910 2823 972 2858 usus
986 2817 1038 2869 est,
1057 2824 1114 2858 cum
1128 2812 1207 2861 dixit:
1227 2823 1286 2863 sunt

172 2872 244 2921 multi
265 2875 354 2924 cordc'
377 2891 399 2924 e.
418 2890 443 2937 q.
464 2891 485 2925 s.
556 2878 580 2926 V
604 2876 710 2926 Seruius
729 2880 756 2924 in
777 2879 838 2925 Aen.
859 2876 933 2928 1162
952 2878 1156 2929 ‘occumbere
1175 2885 1284 2932 morti:

173 2954 255 2990 noune
270 2942 405 2992 locutionis
418 2943 500 3008 figura
513 2953 537 2994 et
550 2946 652 3010 penitus
667 2952 772 2994 remota.
799 2946 909 2995 Ennius:
929 2954 956 2994 ut
971 2947 1031 2995 ucs'
1050 2962 1072 2996 c.
1088 2962 1113 3009 q.
1130 2965 1151 2997 s.
1179 2951 1234 3000 Huc
1246 2967 1285 3002 rc-

171 3009 221 3059 fert
238 3010 267 3060 0.
289 3012 446 3061 Ribbeekius
514 3015 551 3063 Vi
574 3014 718 3064 Macrobius
738 3013 791 3063 Sat.
811 3015 848 3063 Vi
866 3015 883 3063 4
902 3030 928 3080 p.
950 3014 1001 3065 519
1019 3016 1077 3064 Jan.
1101 3020 1168 3067 ‘turn
1187 3019 1285 3071 ferreus

172 3079 254 3129 hastis
267 3081 357 3131 Horret
371 3096 441 3148 ager.
472 3082 546 3146 [Aen.
560 3083 596 3133 XI
609 3082 673 3148 601]
692 3083 804 3134 hnrret
818 3084 882 3132 mire
893 3099 921 3134 se
934 3084 1024 3145 habet3
1041 3085 1087 3134 sed
1100 3095 1124 3134 et
1135 3088 1232 3138 Ennius

171 3157 196 3199 et
218 3151 244 3198 in
265 3151 407 3201 Erechtheo
430 3153 490 3200 ...⁹
560 3153 609 3202 VII
635 3153 725 3203 Festus
748 3169 774 3217 p.
787 3151 835 3203 301
854 3153 887 3204 Μ.
904 3153 1050 3219 ‘s0s[pes
1063 3155 1190 3220 significat
1203 3159 1284 3225 apud]

171 3235 259 3270 omnes
281 3220 334 3271 iere
353 3219 482 3286 auc[tcres
500 3221 614 3272 saluum:
639 3221 687 3288 sic]
706 3250 789 3260 ——
809 3221 918 3288 En[nius
932 3225 957 3272 in
981 3260 1066 3272 ......
1069 3222 1080 3289 ]
1102 3231 1283 3290 parentem’

170 3307 193 3339 e.
210 3306 234 3352 q.
251 3306 272 3339 s.
304 3292 368 3340 Huic
385 3291 442 3340 sedi
455 3293 568 3342 uindicat
589 3291 618 3343 Ο.
635 3293 792 3342 Ribbeckius
809 3301 837 3340 ut
855 3293 920 3342 duos
939 3294 982 3356 qui
1001 3295 1147 3344 insecuntur
1159 3313 1249 3349 uersus

205 3360 266 3409 Vlll
283 3360 378 3411 Paulus
391 3361 459 3410 Festi
478 3377 504 3428 p.
522 3361 571 3414 123
584 3362 618 3412 M.
636 3365 753 3412 ‘metus
765 3362 887 3412 feminine
899 3363 1025 3412 dicebant.
1051 3364 1162 3416 Ennius:
1182 3370 1283 3419 uiuam·

172 3447 195 3480 e.
207 3445 232 3492 q.
244 3444 265 3479 s.
289 3429 329 3481 (11.
343 3445 402 3480 ann.
417 3431 467 3480 inc.
482 3433 536 3482 sed.
552 3432 647 3482 LXXV
718 3431 755 3481 lX
773 3431 926 3482 Censorinus
941 3433 1034 3500 fragm.
1049 3450 1071 3483 c.
1084 3435 1117 3485 14
1126 3452 1152 3502 p.
1164 3435 1198 3490 95
1207 3439 1284 3490 Jahn.

171 3500 255 3565 (27²6
274 3498 319 3565 Ρ.)
343 3502 503 3552 ‘octonarius
516 3503 617 3553 iambus
633 3538 639 3551 .
654 3537 680 3552 ..
699 3504 873 3567 septenarius:
893 3503 971 3554 haec'
987 3520 1010 3554 e.
1025 3520 1050 3567 q.
1066 3520 1088 3554 s.
1108 3522 1184 3569 quern
1200 3519 1285 3575 septe-

171 3571 270 3620 narium
285 3587 299 3621 c
313 3572 419 3639 tragicis
431 3573 480 3623 cici
494 3573 568 3623 iussit
581 3573 606 3624 J.
619 3573 756 3623 Kranssius
771 3572 836 3623 Mus.
853 3573 945 3640 philol.
959 3575 1019 3624 Vlll
1033 3573 1084 3626 632

210 3819 263 3876 174
280 3816 374 3883 ,corde
403 3816 480 3873 multi
501 3817 610 3873 Festus.
640 3819 716 3874 multi
739 3815 825 3874 corde
846 3816 953 3874 Paulus
1038 3819 1089 3877 176
1113 3819 1281 3874 occumbant

167 3903 279 3957 obuiam
301 3902 413 3958 Caesell.
441 3905 608 3958 occumbant
630 3903 735 3958 sortiter
757 3903 846 3974 culpo.
867 3904 1049 3968 occumbant,
1080 3919 1134 3957 nm.
1158 3902 1280 3967 obuiam,

168 3985 249 4041 nuta.
339 3990 388 4048 177
408 3988 500 4059 rigent
513 3987 623 4043 Aldina.
639 3994 739 4059 argunt
752 3988 858 4058 Anqlic.
876 3986 1024 4057 hnrrigunt
1045 3984 1135 4056 Nenp.
1155 3985 1282 4054 arrigunt

167 4073 253 4125 ceteri
264 4071 328 4127 libri
415 4075 465 4132 178
487 4071 571 4129 Vncn
583 4073 690 4127 inclusa
704 4075 733 4127 in
747 4071 808 4126 cod.
825 4087 881 4127 non
896 4075 1046 4141 apparent,
1062 4069 1201 4140 suppleuit
1215 4065 1284 4122 Sca-

168 4154 236 4223 liqer
320 4154 468 4213 senarium
487 4158 600 4228 cqncuit
626 4155 738 4212 Vossius
829 4159 880 4214 180
901 4155 1053 4209 bellicosus
1074 4152 1183 4208 Carrio.
1205 4153 1282 4207 belii·

168 4238 244 4291 cosis
262 4237 326 4293 libri
409 4247 504 4312 paler,
528 4246 618 4295 mater
632 4239 740 4296 Carrin.
755 4245 843 4294 mater
856 4244 936 4309 pater
951 4236 1015 4292 libri
