2932 4942
168 351 213 399 XC
553 338 867 408 QVAESTlONES

168 507 257 566 tentia
282 522 333 562 sua
356 502 392 562 ab
416 503 529 562 illorum
552 506 711 581 argumenti
734 504 898 580 granditate
922 504 1067 562 remoueri
1096 502 1279 578 uidebantur,

170 613 208 672 cl.
231 613 266 674 ir,
287 609 349 669 Vll.
374 609 423 667 tx.
450 609 486 668 X.

257 720 395 775 Seorsum
426 716 568 774 asarurts
597 717 860 792 epigrammata
891 715 991 792 posui,
1023 732 1142 792 quorurn
1165 714 1221 773 duo
1242 715 1280 773 de

169 825 308 903 Scipione
331 822 407 881 elata
432 819 482 897 (ll.
506 818 561 898 ΙΙΙ)
583 820 693 896 Hugius
720 822 801 878 iussit
825 820 851 877 ei
875 828 990 879 saturae
1018 823 1063 879 cui
1089 838 1142 879 nos
1165 821 1279 898 Scipio-

170 949 235 990 nem
248 928 456 987 uiudicauimus
471 925 588 984 ascribi.
635 924 732 1003 Atque
749 926 823 985 haec
843 928 974 985 encomia
987 927 1134 1006 Scipionis
1150 930 1281 1006 quamuis

170 1040 224 1097 iarn
243 1034 311 1095 olim
324 1033 462 1093 Pithoeus
475 1031 550 1091 Adu.
567 1031 579 1090 l
597 1034 628 1091 11
645 1034 736 1093 uellet
753 1051 815 1092 cum
835 1041 888 1090 sat.
901 1030 941 1091 lll
953 1033 987 1091 ir.
1001 1031 1028 1092 X
1041 1036 1172 1108 conecti,
1186 1045 1282 1094 tamen

172 1143 238 1222 quid
260 1138 427 1219 inpediebat
444 1146 562 1217 poetam
585 1157 641 1217 quo
664 1140 756 1197 miuus
776 1149 857 1198 extra
877 1139 1020 1216 longioris
1042 1142 1175 1199 carminis
1198 1149 1280 1199 teno-

170 1268 230 1309 rern
252 1248 365 1324 singula
389 1246 529 1322 quaedam
552 1247 758 1323 epigrammata
778 1242 913 1305 luderet?
934 1244 965 1303 lu
990 1254 1155 1305 transcursu
1174 1265 1281 1306 moneo

169 1357 243 1416 hanc
271 1373 308 1413 ex
337 1353 551 1430 epigrammatis
574 1356 743 1412 sententiam
772 1373 851 1412 nemo
877 1371 921 1410 me
941 1358 1073 1411 lacrumis
1094 1359 1204 1412 decoret
1231 1374 1283 1412 nec

168 1468 273 1539 [eruero
290 1466 357 1535 fletu
377 1462 471 1528 Fuerit,
494 1465 565 1514 cur?
592 1462 672 1516 nolito
689 1463 770 1515 rrimus
789 1476 844 1533 per
863 1481 914 1518 oro
926 1466 1032 1531 uinum,
1055 1459 1147 1518 uideri
1166 1479 1182 1518 e
1201 1459 1281 1519 ltin·

171 1586 270 1628 nermo
287 1573 375 1645 poeta
399 1563 534 1639 elegiaco
557 1562 767 1640 depromptam.
801 1563 953 1623 Meliorem
977 1566 1051 1624 eninr
1069 1567 1176 1627 Cicero
1200 1565 1280 1645 (Cat.

170 1677 235 1735 mai.
259 1673 316 1747 20,
342 1669 381 1729 73
410 1678 439 1727 et
462 1667 549 1727 Tusc.
574 1668 647 1746 disp.
672 1668 684 1727 l
710 1668 766 1745 49,
798 1671 873 1750 117)
902 1672 939 1729 ait
964 1669 1041 1730 illam
1065 1671 1148 1730 Ennii
1173 1674 1281 1732 oratio-

171 1799 236 1839 nem
257 1796 324 1838 esse
347 1794 430 1854 qnam
453 1775 570 1834 Solonis
595 1795 670 1833 mors
692 1796 752 1833 meo
776 1797 811 1836 ne
832 1788 930 1836 careat
955 1784 1102 1837 lacrumis:
1128 1756 1284 1853 linquamus

172 1893 268 1946 amicis
290 1888 449 1942 Maerorem
471 1894 501 1941 ut
520 1886 656 1940 celebrent
675 1884 780 1955 strumo
803 1904 865 1942 eum
881 1890 991 1959 gemitu.
1022 1883 1135 1962 Nempe
1155 1886 1193 1943 tta
1214 1902 1283 1943 con·

171 1995 258 2054 uertit
283 1988 390 2048 Cicero
413 1989 531 2047 Solonis
555 1987 682 2063 elegiam
704 1989 780 2064 quod
805 1989 918 2048 Graece
943 1988 1050 2065 legitur
1073 1990 1149 2068 apud
1173 1991 1283 2050 Plutar-

171 2100 254 2159 chum
278 2099 305 2154 in
329 2112 424 2171 comp.
442 2093 559 2151 Solonis
583 2101 612 2150 et
635 2092 804 2152 Publicolae
832 2095 846 2152 1
871 2098 932 2166 τοῖς·
952 2093 1018 2175 περὶ
1034 2096 1213 2178 Μίμνερμον
1230 2087 1283 2157 ἄν

171 2194 278 2264 τειποον
292 2198 359 2279 περὶ
371 2195 479 2279 χρόνον
491 2200 565 2276 ζοοῆς
579 2192 797 2277 ἐπιπεφώνηκε·
822 2196 895 2277 μηδέ
909 2223 958 2278 μοι
973 2194 1137 2274 ἄκλαυστος
1151 2198 1285 2276 θάνατος

171 2304 269 2388 μόλοι,
291 2298 366 2366 ἄλλοι
388 2306 498 2382 φίλοισι
517 2299 682 2383 Ποιήσαιμι
695 2296 802 2364 θανὼν
823 2297 914 2381 ἄλγεα
939 2302 989 2363 καὶ
1013 2301 1165 2386 στοναχάς.
1203 2307 1284 2367 hiim·

172 2417 263 2475 nermi
286 2413 454 2486 distichum,
485 2411 531 2470 cui
551 2411 626 2470 haec
648 2410 720 2469 Solo
736 2409 901 2487 respondit,
924 2428 981 2469 non
1000 2420 1097 2486 extat,
1121 2414 1202 2472 cuius
1218 2433 1284 2473 sen·

172 2540 233 2580 sum
251 2529 347 2578 tamen
364 2518 439 2577 haud
460 2517 546 2576 dubie
565 2515 674 2576 Ennius
694 2517 856 2593 expressit:
875 2524 905 2573 ut
921 2514 1027 2576 Cicero
1047 2535 1101 2595 pro
1114 2517 1283 2579 llimnermo

172 2628 330 2687 Romanum
360 2631 477 2703 poetam
499 2621 600 2681 Soloni
632 2639 810 2699 componere
836 2625 971 2698 potuerit.
1015 2622 1061 2682 ot.
1093 2624 1157 2683 Nic.
1184 2625 1284 2686 Baebii

172 2734 292 2807 Quaeet.
310 2731 435 2807 elegiae.
460 2729 585 2806 (Fuldae
607 2727 703 2806 1839)
727 2746 756 2805 p.
777 2728 806 2785 5.

256 2839 379 2898 Sotam
405 2834 526 2893 Ennium
554 2833 711 2912 scripsisse
739 2833 877 2892 Varronis
910 2832 963 2910 (de
988 2832 1019 2891 L.
1050 2832 1080 2892 h.
1111 2834 1138 2893 V
1165 2836 1206 2897 62
1227 2837 1283 2918 Μ.)

170 2947 309 3025 Festique
340 2945 384 3022 (p.
413 2941 475 3001 356
503 2939 559 3017 m.)
596 2957 757 2997 consensus
787 2940 889 2998 euicit:
914 2958 978 2998 curn
1004 2940 1071 2998 olins
1100 2941 1137 3001 de
1166 2943 1284 3003 hsoto

173 3054 337 3130 cogitarent
368 3059 396 3109 et
418 3046 552 3121 Scaliger
576 3046 604 3103 in
626 3044 786 3104 Varronem
817 3053 845 3102 et
871 3044 988 3103 Festum
1012 3045 1189 3107 Sotadica
1212 3051 1284 3108 intrr-

172 3160 264 3220 lisset.
307 3157 353 3216 De
384 3155 498 3213 nomine
527 3152 661 3212 carminis
687 3151 760 3210 haec
790 3149 825 3212 Ο.
852 3149 1012 3210 llluellerus
1045 3153 1082 3211 ad
1108 3151 1225 3213 Festum
1255 3175 1283 3234 p.

172 3263 234 3324 413
252 3261 416 3321 adnotauit:
437 3258 526 3316 ‘Sota
549 3255 661 3316 Graece
681 3264 726 3314 est
744 3258 857 3333 Σωτᾶς,
873 3267 940 3317 nota
960 3259 1171 3336 hypocoristici
1193 3260 1285 3320 forma

172 3384 226 3445 pro
256 3365 380 3443 pleniori
402 3356 545 3438 Σωτάδης
575 3365 722 3439 positum,
754 3373 784 3421 ut
814 3359 931 3439 Ἀλεξᾶς
956 3382 1009 3442 pro
1035 3356 1227 3445 Ἀλέξανδρος
1257 3375 1286 3426 et

173 3470 258 3529 multa
282 3469 317 3527 ad
338 3468 460 3528 eundem
478 3467 593 3525 modurn
614 3467 760 3526 formata)
801 3469 928 3529 Sotades
947 3477 1051 3548 poeta,
1075 3470 1172 3549 quode
1194 3470 1284 3529 Bern-

172 3574 311 3647 hardyum
339 3573 385 3631 adi
412 3573 476 3632 Litt.
510 3571 614 3631 Graec.
645 3571 672 3631 ll
709 3589 737 3649 p.
767 3572 848 3650 920,
883 3575 959 3653 apud
988 3584 1108 3634 ueteres
1136 3576 1285 3634 acerrimis

173 3677 283 3739 salibus
315 3687 344 3735 et
379 3680 453 3737 iacta
485 3679 512 3734 in
546 3695 658 3736 ornnem
693 3679 855 3756 aequalium
889 3683 1060 3759 prauitatem
1098 3678 1285 3739 cauillatione

173 3801 229 3862 qua
258 3801 293 3840 ne
317 3800 406 3858 reges
435 3782 551 3861 quidem
574 3782 741 3861 excipiebat
762 3785 892 3861 insignis.
926 3786 1026 3865 Aqua
1051 3786 1203 3845 seueriore
1225 3803 1286 3844 mo-

173 3909 233 3950 rum
258 3906 381 3948 censura
407 3907 471 3948 cunr
500 3887 608 3947 Ennius
638 3892 753 3948 omnino
779 3889 856 3966 quod
887 3907 974 3967 supra
1002 3892 1084 3968 tetigi
1111 3889 1287 3950 abstinuisse

173 3997 321 4069 uideatur,
357 4003 414 4052 turn
438 3993 552 4052 modum
584 4012 617 4053 ac
648 4012 749 4053 munus
783 3994 900 4055 Sotadis
930 3995 1017 4054 ualde
1046 3995 1083 4055 ab
1109 3996 1166 4055 hoc
1196 4002 1286 4073 poeta

173 4103 297 4161 alienum
332 4101 475 4158 existimo.
522 4098 560 4156 ht
591 4117 655 4157 cum
686 4099 830 4174 Sotades,
859 4098 937 4177 quod
960 4117 977 4157 e
998 4100 1131 4180 reliquiis
1161 4100 1286 4159 maxime
1395 4084 1402 4097 ’

175 4204 211 4264 ab
239 4205 345 4265 loanne
374 4205 504 4273 Stohaeo
537 4204 661 4263 seruatis
701 4203 839 4282 adparet,
867 4204 1051 4264 multitarianr
1073 4206 1187 4283 poesim
1205 4221 1286 4263 suam
