<?xml version="1.0" encoding="UTF-8"?>
<!DOCTYPE html PUBLIC "-//W3C//DTD XHTML 1.0 Transitional//EN"
    "http://www.w3.org/TR/xhtml1/DTD/xhtml1-transitional.dtd">
<html xmlns="http://www.w3.org/1999/xhtml" xml:lang="en" lang="en">
 <head>
  <title>
</title>
<meta http-equiv="Content-Type" content="text/html;charset=utf-8" />
  <meta name='ocr-system' content='tesseract 3.04.00' />
  <meta name='ocr-capabilities' content='ocr_page ocr_carea ocr_par ocr_line ocrx_word'/>
</head>
<body>
  <div class='ocr_page' id='page_1' title='image "./ennianaepoesisr00ennigoog_0060.png"; bbox 0 0 2932 4942; ppageno 0'>
   <div class='ocr_carea' id='block_1_1' title="bbox 615 331 1295 399">
    <p class='ocr_par' dir='ltr' id='par_1_1' title="bbox 615 331 1295 399">
     <span class='ocr_line' id='line_1_1' title="bbox 615 331 1295 399; baseline -0.012 -13"><span class='ocrx_word' id='word_1_1' title='bbox 615 331 843 390; x_wconf 76' lang='lat' dir='ltr'><strong>nnnrauan</strong></span> <span class='ocrx_word' id='word_1_2' title='bbox 1230 352 1295 399; x_wconf 66' lang='lat' dir='ltr'><strong>m„</strong></span> 
     </span>
    </p>
   </div>
   <div class='ocr_carea' id='block_1_2' title="bbox 171 495 1292 4076">
    <p class='ocr_par' dir='ltr' id='par_1_2' title="bbox 171 495 1292 4076">
     <span class='ocr_line' id='line_1_2' title="bbox 184 495 1292 576; baseline 0.012 -21"><span class='ocrx_word' id='word_1_3' title='bbox 184 497 301 576; x_wconf 91' lang='lat' dir='ltr'><strong>quidem</strong></span> <span class='ocrx_word' id='word_1_4' title='bbox 321 495 357 555; x_wconf 93' lang='lat' dir='ltr'><strong>ab</strong></span> <span class='ocrx_word' id='word_1_5' title='bbox 380 497 443 555; x_wconf 93' lang='lat' dir='ltr'><strong>eius</strong></span> <span class='ocrx_word' id='word_1_6' title='bbox 467 497 640 555; x_wconf 82' lang='lat' dir='ltr'><strong>auctoritate</strong></span> <span class='ocrx_word' id='word_1_7' title='bbox 653 496 802 575; x_wconf 80' lang='lat' dir='ltr'><strong>Appianus</strong></span> <span class='ocrx_word' id='word_1_8' title='bbox 824 497 896 558; x_wconf 84' lang='lat' dir='ltr'><strong>Erre.</strong></span> <span class='ocrx_word' id='word_1_9' title='bbox 918 501 1056 561; x_wconf 86' lang='lat' dir='ltr'><strong>SamnX</strong></span> <span class='ocrx_word' id='word_1_10' title='bbox 1077 513 1106 562; x_wconf 88' lang='lat' dir='ltr'><strong>et</strong></span> <span class='ocrx_word' id='word_1_11' title='bbox 1122 504 1292 567; x_wconf 80' lang='lat' dir='ltr'><strong>Plutarchus</strong></span> 
     </span>
     <span class='ocr_line' id='line_1_3' title="bbox 183 601 1292 692; baseline 0.01 -29"><span class='ocrx_word' id='word_1_12' title='bbox 183 602 284 678; x_wconf 76' lang='lat' dir='ltr'><strong>Pyrrhi</strong></span> <span class='ocrx_word' id='word_1_13' title='bbox 315 622 341 666; x_wconf 92' lang='lat' dir='ltr'><strong>c.</strong></span> <span class='ocrx_word' id='word_1_14' title='bbox 370 601 409 662; x_wconf 83' lang='lat'><strong>20</strong></span> <span class='ocrx_word' id='word_1_15' title='bbox 439 603 585 682; x_wconf 89' lang='lat' dir='ltr'><strong>pendent,</strong></span> <span class='ocrx_word' id='word_1_16' title='bbox 624 604 662 662; x_wconf 91' lang='lat' dir='ltr'><strong>ita</strong></span> <span class='ocrx_word' id='word_1_17' title='bbox 690 605 792 681; x_wconf 78' lang='lat' dir='ltr'>tradit,</span> <span class='ocrx_word' id='word_1_18' title='bbox 820 621 878 663; x_wconf 91' lang='lat' dir='ltr'><strong>non</strong></span> <span class='ocrx_word' id='word_1_19' title='bbox 906 607 1074 685; x_wconf 92' lang='lat' dir='ltr'><strong>redemptos</strong></span> <span class='ocrx_word' id='word_1_20' title='bbox 1105 629 1173 671; x_wconf 90' lang='lat' dir='ltr'><strong>esse</strong></span> <span class='ocrx_word' id='word_1_21' title='bbox 1201 617 1292 692; x_wconf 89' lang='lat' dir='ltr'><strong>capti·</strong></span> 
     </span>
     <span class='ocr_line' id='line_1_4' title="bbox 183 708 1292 791; baseline 0.009 -22"><span class='ocrx_word' id='word_1_22' title='bbox 183 727 254 785; x_wconf 91' lang='lat' dir='ltr'><strong>uos,</strong></span> <span class='ocrx_word' id='word_1_23' title='bbox 283 708 335 768; x_wconf 88' lang='lat' dir='ltr'><strong>sed</strong></span> <span class='ocrx_word' id='word_1_24' title='bbox 364 709 400 768; x_wconf 94' lang='lat' dir='ltr'><strong>ad</strong></span> <span class='ocrx_word' id='word_1_25' title='bbox 423 709 586 770; x_wconf 79' lang='lat' dir='ltr'><strong>Saturnalia</strong></span> <span class='ocrx_word' id='word_1_26' title='bbox 614 719 722 769; x_wconf 91' lang='lat' dir='ltr'><strong>tantum</strong></span> <span class='ocrx_word' id='word_1_27' title='bbox 750 711 926 772; x_wconf 90' lang='lat' dir='ltr'><strong>celebranda</strong></span> <span class='ocrx_word' id='word_1_28' title='bbox 954 732 1017 772; x_wconf 89' lang='lat' dir='ltr'><strong>cum</strong></span> <span class='ocrx_word' id='word_1_29' title='bbox 1045 715 1149 791; x_wconf 88' lang='lat' dir='ltr'><strong>legatis</strong></span> <span class='ocrx_word' id='word_1_30' title='bbox 1171 715 1292 778; x_wconf 88' lang='lat' dir='ltr'><strong>Romam</strong></span> 
     </span>
     <span class='ocr_line' id='line_1_5' title="bbox 182 816 1292 895; baseline 0.007 -20"><span class='ocrx_word' id='word_1_31' title='bbox 182 816 296 875; x_wconf 78' lang='lat' dir='ltr'>redisse</span> <span class='ocrx_word' id='word_1_32' title='bbox 326 833 363 874; x_wconf 93' lang='lat' dir='ltr'><strong>eo</strong></span> <span class='ocrx_word' id='word_1_33' title='bbox 393 824 498 893; x_wconf 88' lang='lat' dir='ltr'><strong>pacto,</strong></span> <span class='ocrx_word' id='word_1_34' title='bbox 529 824 559 874; x_wconf 89' lang='lat' dir='ltr'><strong>nt</strong></span> <span class='ocrx_word' id='word_1_35' title='bbox 580 817 634 875; x_wconf 92' lang='lat' dir='ltr'><strong>nisi</strong></span> <span class='ocrx_word' id='word_1_36' title='bbox 657 817 767 876; x_wconf 89' lang='lat' dir='ltr'><strong>interea</strong></span> <span class='ocrx_word' id='word_1_37' title='bbox 791 836 883 895; x_wconf 88' lang='lat' dir='ltr'><strong>parra</strong></span> <span class='ocrx_word' id='word_1_38' title='bbox 906 817 1043 879; x_wconf 86' lang='lat' dir='ltr'><strong>Romanis</strong></span> <span class='ocrx_word' id='word_1_39' title='bbox 1066 823 1292 883; x_wconf 75' lang='lat' dir='ltr'><strong>constitueretur</strong></span> 
     </span>
     <span class='ocr_line' id='line_1_6' title="bbox 180 919 1288 996; baseline 0.006 -15"><span class='ocrx_word' id='word_1_40' title='bbox 180 923 209 981; x_wconf 95' lang='lat' dir='ltr'><strong>in</strong></span> <span class='ocrx_word' id='word_1_41' title='bbox 230 919 332 996; x_wconf 78' lang='lat' dir='ltr'><strong>Pyrrhi</strong></span> <span class='ocrx_word' id='word_1_42' title='bbox 351 930 447 982; x_wconf 91' lang='lat' dir='ltr'><strong>castra</strong></span> <span class='ocrx_word' id='word_1_43' title='bbox 463 931 691 982; x_wconf 90' lang='lat' dir='ltr'><strong>reuerterentur.</strong></span> <span class='ocrx_word' id='word_1_44' title='bbox 714 921 759 982; x_wconf 91' lang='lat' dir='ltr'><strong>Cl.</strong></span> <span class='ocrx_word' id='word_1_45' title='bbox 778 923 953 983; x_wconf 91' lang='lat' dir='ltr'><strong>Niebuhrius</strong></span> <span class='ocrx_word' id='word_1_46' title='bbox 967 926 1040 991; x_wconf 82' lang='lat' dir='ltr'><strong>illst.</strong></span> <span class='ocrx_word' id='word_1_47' title='bbox 1058 926 1140 987; x_wconf 88' lang='lat' dir='ltr'><strong>Rom.</strong></span> <span class='ocrx_word' id='word_1_48' title='bbox 1158 926 1288 990; x_wconf 82' lang='lat'>111586.</span> 
     </span>
     <span class='ocr_line' id='line_1_7' title="bbox 182 1026 1289 1111; baseline 0.003 -23"><span class='ocrx_word' id='word_1_49' title='bbox 182 1028 242 1088; x_wconf 87' lang='lat' dir='ltr'><strong>Sed</strong></span> <span class='ocrx_word' id='word_1_50' title='bbox 269 1027 346 1086; x_wconf 93' lang='lat' dir='ltr'><strong>idem</strong></span> <span class='ocrx_word' id='word_1_51' title='bbox 369 1026 526 1104; x_wconf 80' lang='lat' dir='ltr'><strong>Dionysius</strong></span> <span class='ocrx_word' id='word_1_52' title='bbox 550 1029 640 1107; x_wconf 85' lang='lat' dir='ltr'><strong>(Exc.</strong></span> <span class='ocrx_word' id='word_1_53' title='bbox 662 1028 757 1089; x_wconf 91' lang='lat' dir='ltr'><strong>XVlll</strong></span> <span class='ocrx_word' id='word_1_54' title='bbox 780 1030 815 1108; x_wconf 90' lang='grc'><strong>7)</strong></span> <span class='ocrx_word' id='word_1_55' title='bbox 846 1039 875 1089; x_wconf 93' lang='lat' dir='ltr'><strong>et</strong></span> <span class='ocrx_word' id='word_1_56' title='bbox 898 1032 946 1108; x_wconf 90' lang='lat' dir='ltr'><strong>qui</strong></span> <span class='ocrx_word' id='word_1_57' title='bbox 970 1031 1049 1090; x_wconf 93' lang='lat' dir='ltr'><strong>illum</strong></span> <span class='ocrx_word' id='word_1_58' title='bbox 1071 1041 1208 1091; x_wconf 88' lang='lat' dir='ltr'><strong>secuntur</strong></span> <span class='ocrx_word' id='word_1_59' title='bbox 1230 1032 1289 1111; x_wconf 80' lang='lat' dir='ltr'><strong>Ap·</strong></span> 
     </span>
     <span class='ocr_line' id='line_1_8' title="bbox 182 1134 1290 1215; baseline 0.005 -23"><span class='ocrx_word' id='word_1_60' title='bbox 182 1135 282 1213; x_wconf 91' lang='lat' dir='ltr'><strong>pianus</strong></span> <span class='ocrx_word' id='word_1_61' title='bbox 305 1134 379 1194; x_wconf 83' lang='lat' dir='ltr'><strong>Exn.</strong></span> <span class='ocrx_word' id='word_1_62' title='bbox 401 1135 496 1195; x_wconf 86' lang='lat' dir='ltr'><strong>Samn.</strong></span> <span class='ocrx_word' id='word_1_63' title='bbox 521 1144 551 1194; x_wconf 91' lang='lat' dir='ltr'><strong>et</strong></span> <span class='ocrx_word' id='word_1_64' title='bbox 569 1135 756 1210; x_wconf 86' lang='lat' dir='ltr'><strong>Plutarchus,</strong></span> <span class='ocrx_word' id='word_1_65' title='bbox 786 1136 814 1195; x_wconf 94' lang='lat' dir='ltr'><strong>id</strong></span> <span class='ocrx_word' id='word_1_66' title='bbox 838 1137 914 1215; x_wconf 90' lang='lat' dir='ltr'><strong>quod</strong></span> <span class='ocrx_word' id='word_1_67' title='bbox 938 1154 1000 1195; x_wconf 91' lang='lat' dir='ltr'><strong>cum</strong></span> <span class='ocrx_word' id='word_1_68' title='bbox 1023 1136 1072 1196; x_wconf 91' lang='lat' dir='ltr'><strong>illa</strong></span> <span class='ocrx_word' id='word_1_69' title='bbox 1095 1157 1127 1197; x_wconf 89' lang='lat' dir='ltr'><strong>re</strong></span> <span class='ocrx_word' id='word_1_70' title='bbox 1150 1136 1290 1198; x_wconf 82' lang='lat' dir='ltr'><strong>cohaeret</strong></span> 
     </span>
     <span class='ocr_line' id='line_1_9' title="bbox 181 1239 1288 1321; baseline 0.002 -21"><span class='ocrx_word' id='word_1_71' title='bbox 181 1243 341 1317; x_wconf 76' lang='lat' dir='ltr'><strong>artissime,</strong></span> <span class='ocrx_word' id='word_1_72' title='bbox 370 1250 438 1321; x_wconf 86' lang='lat' dir='ltr'><strong>post</strong></span> <span class='ocrx_word' id='word_1_73' title='bbox 460 1242 571 1300; x_wconf 88' lang='lat' dir='ltr'><strong>inritam</strong></span> <span class='ocrx_word' id='word_1_74' title='bbox 597 1242 709 1301; x_wconf 91' lang='lat' dir='ltr'><strong>demum</strong></span> <span class='ocrx_word' id='word_1_75' title='bbox 733 1239 841 1301; x_wconf 87' lang='lat' dir='ltr'><strong>Cineae</strong></span> <span class='ocrx_word' id='word_1_76' title='bbox 864 1241 1041 1318; x_wconf 82' lang='lat' dir='ltr'><strong>legationem</strong></span> <span class='ocrx_word' id='word_1_77' title='bbox 1063 1243 1226 1304; x_wconf 82' lang='lat' dir='ltr'><strong>Fabricium</strong></span> <span class='ocrx_word' id='word_1_78' title='bbox 1251 1243 1288 1302; x_wconf 91' lang='lat' dir='ltr'><strong>de</strong></span> 
     </span>
     <span class='ocr_line' id='line_1_10' title="bbox 178 1345 1287 1425; baseline 0.004 -20"><span class='ocrx_word' id='word_1_79' title='bbox 178 1345 356 1407; x_wconf 87' lang='lat' dir='ltr'><strong>redimendis</strong></span> <span class='ocrx_word' id='word_1_80' title='bbox 384 1348 507 1425; x_wconf 89' lang='lat' dir='ltr'><strong>captiuis</strong></span> <span class='ocrx_word' id='word_1_81' title='bbox 537 1348 654 1406; x_wconf 92' lang='lat' dir='ltr'><strong>missum</strong></span> <span class='ocrx_word' id='word_1_82' title='bbox 681 1366 749 1406; x_wconf 91' lang='lat' dir='ltr'><strong>esse</strong></span> <span class='ocrx_word' id='word_1_83' title='bbox 778 1357 1012 1407; x_wconf 92' lang='lat' dir='ltr'><strong>commemorant.</strong></span> <span class='ocrx_word' id='word_1_84' title='bbox 1056 1349 1121 1410; x_wconf 91' lang='lat' dir='ltr'><strong>Non</strong></span> <span class='ocrx_word' id='word_1_85' title='bbox 1144 1353 1212 1410; x_wconf 90' lang='lat' dir='ltr'><strong>item</strong></span> <span class='ocrx_word' id='word_1_86' title='bbox 1230 1350 1287 1409; x_wconf 86' lang='lat' dir='ltr'><strong>En-</strong></span> 
     </span>
     <span class='ocr_line' id='line_1_11' title="bbox 179 1451 1288 1534; baseline 0.005 -24"><span class='ocrx_word' id='word_1_87' title='bbox 179 1452 257 1525; x_wconf 92' lang='lat' dir='ltr'><strong>nius,</strong></span> <span class='ocrx_word' id='word_1_88' title='bbox 286 1451 310 1508; x_wconf 92' lang='lat' dir='ltr'><strong>si</strong></span> <span class='ocrx_word' id='word_1_89' title='bbox 339 1453 407 1529; x_wconf 88' lang='lat' dir='ltr'><strong>quid</strong></span> <span class='ocrx_word' id='word_1_90' title='bbox 436 1453 473 1513; x_wconf 92' lang='lat' dir='ltr'><strong>de</strong></span> <span class='ocrx_word' id='word_1_91' title='bbox 498 1453 591 1513; x_wconf 88' lang='lat' dir='ltr'><strong>Ennio</strong></span> <span class='ocrx_word' id='word_1_92' title='bbox 620 1453 690 1512; x_wconf 90' lang='lat' dir='ltr'><strong>licet</strong></span> <span class='ocrx_word' id='word_1_93' title='bbox 714 1472 730 1511; x_wconf 93' lang='lat' dir='ltr'><strong>e</strong></span> <span class='ocrx_word' id='word_1_94' title='bbox 750 1452 823 1512; x_wconf 91' lang='lat' dir='ltr'><strong>Liuii</strong></span> <span class='ocrx_word' id='word_1_95' title='bbox 845 1456 982 1514; x_wconf 91' lang='lat' dir='ltr'><strong>memoria</strong></span> <span class='ocrx_word' id='word_1_96' title='bbox 1004 1456 1173 1534; x_wconf 89' lang='lat' dir='ltr'><strong>conligere:</strong></span> <span class='ocrx_word' id='word_1_97' title='bbox 1201 1475 1288 1532; x_wconf 90' lang='lat' dir='ltr'><strong>quem</strong></span> 
     </span>
     <span class='ocr_line' id='line_1_12' title="bbox 178 1557 1286 1639; baseline 0.004 -21"><span class='ocrx_word' id='word_1_98' title='bbox 178 1571 243 1619; x_wconf 86' lang='lat' dir='ltr'><strong>cum</strong></span> <span class='ocrx_word' id='word_1_99' title='bbox 272 1557 414 1636; x_wconf 79' lang='lat' dir='ltr'><strong>periocha</strong></span> <span class='ocrx_word' id='word_1_100' title='bbox 444 1558 512 1618; x_wconf 92' lang='lat' dir='ltr'><strong>Xlll</strong></span> <span class='ocrx_word' id='word_1_101' title='bbox 539 1568 597 1617; x_wconf 89' lang='lat' dir='ltr'><strong>tum</strong></span> <span class='ocrx_word' id='word_1_102' title='bbox 624 1557 782 1638; x_wconf 86' lang='lat' dir='ltr'><strong>Eutropius</strong></span> <span class='ocrx_word' id='word_1_103' title='bbox 810 1560 858 1638; x_wconf 89' lang='lat' dir='ltr'><strong>(ll</strong></span> <span class='ocrx_word' id='word_1_104' title='bbox 887 1559 945 1639; x_wconf 83' lang='lat'><strong>12)</strong></span> <span class='ocrx_word' id='word_1_105' title='bbox 974 1563 1151 1639; x_wconf 83' lang='lat' dir='ltr'><strong>persuadent</strong></span> <span class='ocrx_word' id='word_1_106' title='bbox 1178 1560 1286 1623; x_wconf 83' lang='lat' dir='ltr'><strong>Cineae</strong></span> 
     </span>
     <span class='ocr_line' id='line_1_13' title="bbox 176 1664 1288 1745; baseline 0.002 -20"><span class='ocrx_word' id='word_1_107' title='bbox 176 1665 355 1741; x_wconf 77' lang='lat' dir='ltr'><strong>legationem</strong></span> <span class='ocrx_word' id='word_1_108' title='bbox 377 1664 468 1725; x_wconf 90' lang='lat' dir='ltr'><strong>altera</strong></span> <span class='ocrx_word' id='word_1_109' title='bbox 483 1665 608 1725; x_wconf 80' lang='lat' dir='ltr'><strong>Fabricii</strong></span> <span class='ocrx_word' id='word_1_110' title='bbox 631 1667 826 1743; x_wconf 90' lang='lat' dir='ltr'><strong>posteriorem</strong></span> <span class='ocrx_word' id='word_1_111' title='bbox 847 1665 1025 1732; x_wconf 85' lang='lat' dir='ltr'><strong>exhibuisse.</strong></span> <span class='ocrx_word' id='word_1_112' title='bbox 1063 1668 1127 1728; x_wconf 90' lang='lat' dir='ltr'><strong>Nec</strong></span> <span class='ocrx_word' id='word_1_113' title='bbox 1143 1669 1288 1745; x_wconf 88' lang='lat' dir='ltr'><strong>denegata</strong></span> 
     </span>
     <span class='ocr_line' id='line_1_14' title="bbox 177 1767 1285 1852; baseline 0.002 -21"><span class='ocrx_word' id='word_1_114' title='bbox 177 1772 232 1831; x_wconf 86' lang='lat' dir='ltr'><strong>iam</strong></span> <span class='ocrx_word' id='word_1_115' title='bbox 254 1789 271 1829; x_wconf 93' lang='lat' dir='ltr'><strong>a</strong></span> <span class='ocrx_word' id='word_1_116' title='bbox 291 1769 429 1829; x_wconf 89' lang='lat' dir='ltr'><strong>Romanis</strong></span> <span class='ocrx_word' id='word_1_117' title='bbox 451 1787 524 1847; x_wconf 89' lang='lat' dir='ltr'><strong>pace</strong></span> <span class='ocrx_word' id='word_1_118' title='bbox 548 1767 687 1842; x_wconf 79' lang='lat' dir='ltr'><strong>Pyrrhum</strong></span> <span class='ocrx_word' id='word_1_119' title='bbox 708 1771 850 1832; x_wconf 89' lang='lat' dir='ltr'><strong>credibile</strong></span> <span class='ocrx_word' id='word_1_120' title='bbox 875 1780 920 1829; x_wconf 90' lang='lat' dir='ltr'><strong>est</strong></span> <span class='ocrx_word' id='word_1_121' title='bbox 940 1771 1083 1833; x_wconf 86' lang='lat' dir='ltr'><strong>dimisisse</strong></span> <span class='ocrx_word' id='word_1_122' title='bbox 1106 1775 1168 1833; x_wconf 92' lang='lat' dir='ltr'><strong>sine</strong></span> <span class='ocrx_word' id='word_1_123' title='bbox 1190 1777 1285 1852; x_wconf 87' lang='lat' dir='ltr'><strong>pretio</strong></span> 
     </span>
     <span class='ocr_line' id='line_1_15' title="bbox 177 1874 1284 1958; baseline 0.001 -22"><span class='ocrx_word' id='word_1_124' title='bbox 177 1877 325 1955; x_wconf 86' lang='lat' dir='ltr'><strong>captiuos:</strong></span> <span class='ocrx_word' id='word_1_125' title='bbox 349 1884 451 1935; x_wconf 90' lang='lat' dir='ltr'><strong>contra</strong></span> <span class='ocrx_word' id='word_1_126' title='bbox 473 1875 543 1934; x_wconf 92' lang='lat' dir='ltr'><strong>illud</strong></span> <span class='ocrx_word' id='word_1_127' title='bbox 566 1876 651 1935; x_wconf 87' lang='lat' dir='ltr'><strong>etiam</strong></span> <span class='ocrx_word' id='word_1_128' title='bbox 673 1879 832 1956; x_wconf 88' lang='lat' dir='ltr'><strong>repudiatis</strong></span> <span class='ocrx_word' id='word_1_129' title='bbox 855 1874 963 1937; x_wconf 89' lang='lat' dir='ltr'><strong>Cineae</strong></span> <span class='ocrx_word' id='word_1_130' title='bbox 984 1878 1197 1938; x_wconf 92' lang='lat' dir='ltr'><strong>conditionibus</strong></span> <span class='ocrx_word' id='word_1_131' title='bbox 1218 1898 1284 1958; x_wconf 92' lang='lat' dir='ltr'><strong>pru·</strong></span> 
     </span>
     <span class='ocr_line' id='line_1_16' title="bbox 176 1981 1284 2059; baseline 0.001 -16"><span class='ocrx_word' id='word_1_132' title='bbox 176 1982 254 2043; x_wconf 89' lang='lat' dir='ltr'><strong>denti</strong></span> <span class='ocrx_word' id='word_1_133' title='bbox 284 1981 407 2041; x_wconf 88' lang='lat' dir='ltr'><strong>consilio</strong></span> <span class='ocrx_word' id='word_1_134' title='bbox 434 1982 512 2058; x_wconf 90' lang='lat' dir='ltr'><strong>egit,</strong></span> <span class='ocrx_word' id='word_1_135' title='bbox 542 1981 619 2059; x_wconf 88' lang='lat' dir='ltr'><strong>quod</strong></span> <span class='ocrx_word' id='word_1_136' title='bbox 648 1981 770 2058; x_wconf 89' lang='lat' dir='ltr'><strong>captiuis</strong></span> <span class='ocrx_word' id='word_1_137' title='bbox 799 2001 863 2041; x_wconf 94' lang='lat' dir='ltr'><strong>cum</strong></span> <span class='ocrx_word' id='word_1_138' title='bbox 890 1983 1028 2043; x_wconf 90' lang='lat' dir='ltr'><strong>redeundi</strong></span> <span class='ocrx_word' id='word_1_139' title='bbox 1056 1986 1234 2045; x_wconf 90' lang='lat' dir='ltr'><strong>necessitate</strong></span> <span class='ocrx_word' id='word_1_140' title='bbox 1257 1987 1284 2044; x_wconf 94' lang='lat' dir='ltr'><strong>ni</strong></span> 
     </span>
     <span class='ocr_line' id='line_1_17' title="bbox 177 2086 1284 2168; baseline 0.002 -20"><span class='ocrx_word' id='word_1_141' title='bbox 177 2090 285 2148; x_wconf 89' lang='lat' dir='ltr'><strong>interea</strong></span> <span class='ocrx_word' id='word_1_142' title='bbox 310 2105 367 2168; x_wconf 87' lang='lat' dir='ltr'><strong>pax</strong></span> <span class='ocrx_word' id='word_1_143' title='bbox 390 2088 474 2147; x_wconf 87' lang='lat' dir='ltr'><strong>lieret</strong></span> <span class='ocrx_word' id='word_1_144' title='bbox 501 2086 621 2146; x_wconf 86' lang='lat' dir='ltr'><strong>Romam</strong></span> <span class='ocrx_word' id='word_1_145' title='bbox 642 2087 790 2165; x_wconf 82' lang='lat' dir='ltr'><strong>proficisci</strong></span> <span class='ocrx_word' id='word_1_146' title='bbox 812 2090 951 2167; x_wconf 90' lang='lat' dir='ltr'><strong>permisit.</strong></span> <span class='ocrx_word' id='word_1_147' title='bbox 997 2088 1060 2161; x_wconf 78' lang='lat' dir='ltr'><strong>Qua</strong></span> <span class='ocrx_word' id='word_1_148' title='bbox 1082 2108 1199 2150; x_wconf 91' lang='lat' dir='ltr'><strong>recum</strong></span> <span class='ocrx_word' id='word_1_149' title='bbox 1221 2110 1284 2150; x_wconf 93' lang='lat' dir='ltr'><strong>eam</strong></span> 
     </span>
     <span class='ocr_line' id='line_1_18' title="bbox 175 2191 1284 2271; baseline 0.002 -17"><span class='ocrx_word' id='word_1_150' title='bbox 175 2194 315 2256; x_wconf 89' lang='lat' dir='ltr'><strong>redeundi</strong></span> <span class='ocrx_word' id='word_1_151' title='bbox 338 2194 533 2253; x_wconf 87' lang='lat' dir='ltr'><strong>conditionem</strong></span> <span class='ocrx_word' id='word_1_152' title='bbox 555 2193 590 2253; x_wconf 93' lang='lat' dir='ltr'><strong>ab</strong></span> <span class='ocrx_word' id='word_1_153' title='bbox 606 2193 699 2252; x_wconf 86' lang='lat' dir='ltr'><strong>Ennio</strong></span> <span class='ocrx_word' id='word_1_154' title='bbox 722 2191 844 2249; x_wconf 91' lang='lat' dir='ltr'><strong>alienam</strong></span> <span class='ocrx_word' id='word_1_155' title='bbox 867 2210 935 2251; x_wconf 91' lang='lat' dir='ltr'><strong>esse</strong></span> <span class='ocrx_word' id='word_1_156' title='bbox 956 2203 985 2252; x_wconf 97' lang='lat' dir='ltr'><strong>et</strong></span> <span class='ocrx_word' id='word_1_157' title='bbox 1006 2212 1043 2252; x_wconf 90' lang='lat' dir='ltr'><strong>ex</strong></span> <span class='ocrx_word' id='word_1_158' title='bbox 1063 2195 1134 2271; x_wconf 88' lang='lat' dir='ltr'><strong>ipsis</strong></span> <span class='ocrx_word' id='word_1_159' title='bbox 1150 2197 1284 2255; x_wconf 88' lang='lat' dir='ltr'><strong>uersibus</strong></span> 
     </span>
     <span class='ocr_line' id='line_1_19' title="bbox 177 2297 1284 2379; baseline 0.001 -20"><span class='ocrx_word' id='word_1_160' title='bbox 177 2299 276 2379; x_wconf 86' lang='lat' dir='ltr'><strong>(Xlll)</strong></span> <span class='ocrx_word' id='word_1_161' title='bbox 296 2300 454 2377; x_wconf 79' lang='lat' dir='ltr'><strong>adpareat,</strong></span> <span class='ocrx_word' id='word_1_162' title='bbox 481 2310 510 2359; x_wconf 91' lang='lat' dir='ltr'><strong>et</strong></span> <span class='ocrx_word' id='word_1_163' title='bbox 535 2299 677 2358; x_wconf 88' lang='lat' dir='ltr'><strong>indicetur</strong></span> <span class='ocrx_word' id='word_1_164' title='bbox 699 2298 735 2357; x_wconf 93' lang='lat' dir='ltr'><strong>ab</strong></span> <span class='ocrx_word' id='word_1_165' title='bbox 759 2315 795 2355; x_wconf 92' lang='lat' dir='ltr'><strong>eo</strong></span> <span class='ocrx_word' id='word_1_166' title='bbox 828 2298 872 2355; x_wconf 92' lang='lat' dir='ltr'><strong>cni</strong></span> <span class='ocrx_word' id='word_1_167' title='bbox 894 2297 1072 2358; x_wconf 90' lang='lat' dir='ltr'><strong>luculentum</strong></span> <span class='ocrx_word' id='word_1_168' title='bbox 1093 2300 1284 2378; x_wconf 78' lang='lat' dir='ltr'><strong>fragmentum</strong></span> 
     </span>
     <span class='ocr_line' id='line_1_20' title="bbox 174 2401 1283 2483; baseline 0.001 -18"><span class='ocrx_word' id='word_1_169' title='bbox 174 2404 331 2479; x_wconf 91' lang='lat' dir='ltr'><strong>debemus,</strong></span> <span class='ocrx_word' id='word_1_170' title='bbox 355 2402 500 2465; x_wconf 84' lang='lat' dir='ltr'><strong>Cicerone</strong></span> <span class='ocrx_word' id='word_1_171' title='bbox 522 2405 575 2483; x_wconf 89' lang='lat' dir='ltr'><strong>(de</strong></span> <span class='ocrx_word' id='word_1_172' title='bbox 594 2406 645 2465; x_wconf 84' lang='lat' dir='ltr'><strong>off.</strong></span> <span class='ocrx_word' id='word_1_173' title='bbox 668 2403 681 2463; x_wconf 90' lang='lat' dir='ltr'><strong>l</strong></span> <span class='ocrx_word' id='word_1_174' title='bbox 703 2402 752 2480; x_wconf 84' lang='lat'><strong>12,</strong></span> <span class='ocrx_word' id='word_1_175' title='bbox 776 2401 832 2462; x_wconf 83' lang='lat'><strong>38:</strong></span> <span class='ocrx_word' id='word_1_176' title='bbox 854 2404 891 2463; x_wconf 87' lang='lat' dir='ltr'><strong>cl.</strong></span> <span class='ocrx_word' id='word_1_177' title='bbox 911 2404 1085 2464; x_wconf 88' lang='lat' dir='ltr'><strong>Niebuhrius</strong></span> <span class='ocrx_word' id='word_1_178' title='bbox 1105 2406 1177 2465; x_wconf 89' lang='lat' dir='ltr'><strong>Hist.</strong></span> <span class='ocrx_word' id='word_1_179' title='bbox 1199 2407 1283 2466; x_wconf 87' lang='lat' dir='ltr'><strong>Rom.</strong></span> 
     </span>
     <span class='ocr_line' id='line_1_21' title="bbox 174 2508 1283 2590; baseline -0.002 -19"><span class='ocrx_word' id='word_1_180' title='bbox 174 2508 331 2590; x_wconf 81' lang='lat'>111586):</span> <span class='ocrx_word' id='word_1_181' title='bbox 358 2512 425 2571; x_wconf 90' lang='lat' dir='ltr'><strong>inde</strong></span> <span class='ocrx_word' id='word_1_182' title='bbox 449 2530 635 2590; x_wconf 88' lang='lat' dir='ltr'><strong>consequens</strong></span> <span class='ocrx_word' id='word_1_183' title='bbox 665 2520 728 2586; x_wconf 90' lang='lat' dir='ltr'><strong>est,</strong></span> <span class='ocrx_word' id='word_1_184' title='bbox 760 2519 790 2567; x_wconf 92' lang='lat' dir='ltr'><strong>ut</strong></span> <span class='ocrx_word' id='word_1_185' title='bbox 813 2510 888 2587; x_wconf 91' lang='lat' dir='ltr'><strong>apud</strong></span> <span class='ocrx_word' id='word_1_186' title='bbox 911 2510 1032 2569; x_wconf 87' lang='lat' dir='ltr'><strong>Ennium</strong></span> <span class='ocrx_word' id='word_1_187' title='bbox 1055 2512 1082 2569; x_wconf 90' lang='lat' dir='ltr'><strong>ei</strong></span> <span class='ocrx_word' id='word_1_188' title='bbox 1106 2512 1149 2570; x_wconf 91' lang='lat' dir='ltr'><strong>rei</strong></span> <span class='ocrx_word' id='word_1_189' title='bbox 1171 2513 1283 2571; x_wconf 90' lang='lat' dir='ltr'><strong>inritam</strong></span> 
     </span>
     <span class='ocr_line' id='line_1_22' title="bbox 175 2615 1284 2694; baseline -0.003 -17"><span class='ocrx_word' id='word_1_190' title='bbox 175 2615 282 2677; x_wconf 90' lang='lat' dir='ltr'><strong>Cineae</strong></span> <span class='ocrx_word' id='word_1_191' title='bbox 308 2616 485 2694; x_wconf 81' lang='lat' dir='ltr'><strong>legationem</strong></span> <span class='ocrx_word' id='word_1_192' title='bbox 508 2636 564 2677; x_wconf 93' lang='lat' dir='ltr'><strong>non</strong></span> <span class='ocrx_word' id='word_1_193' title='bbox 592 2616 992 2677; x_wconf 88' lang='lat' dir='ltr'><strong>antecessisse-arbitremur.</strong></span> <span class='ocrx_word' id='word_1_194' title='bbox 1037 2616 1178 2675; x_wconf 83' lang='lat' dir='ltr'><strong>Liberalis</strong></span> <span class='ocrx_word' id='word_1_195' title='bbox 1198 2618 1284 2694; x_wconf 90' lang='lat' dir='ltr'><strong>igitur</strong></span> 
     </span>
     <span class='ocr_line' id='line_1_23' title="bbox 175 2720 1283 2801; baseline -0.002 -18"><span class='ocrx_word' id='word_1_196' title='bbox 175 2723 296 2801; x_wconf 87' lang='lat' dir='ltr'><strong>captiuis</strong></span> <span class='ocrx_word' id='word_1_197' title='bbox 320 2722 447 2798; x_wconf 76' lang='lat' dir='ltr'><strong>Pyrrhus</strong></span> <span class='ocrx_word' id='word_1_198' title='bbox 474 2720 592 2782; x_wconf 92' lang='lat' dir='ltr'><strong>Cineam</strong></span> <span class='ocrx_word' id='word_1_199' title='bbox 620 2732 784 2796; x_wconf 85' lang='lat' dir='ltr'><strong>oratorem,</strong></span> <span class='ocrx_word' id='word_1_200' title='bbox 810 2740 868 2799; x_wconf 88' lang='lat' dir='ltr'><strong>quo</strong></span> <span class='ocrx_word' id='word_1_201' title='bbox 897 2723 933 2782; x_wconf 97' lang='lat' dir='ltr'><strong>de</strong></span> <span class='ocrx_word' id='word_1_202' title='bbox 961 2723 1027 2782; x_wconf 90' lang='lat' dir='ltr'><strong>uide</strong></span> <span class='ocrx_word' id='word_1_203' title='bbox 1056 2741 1131 2800; x_wconf 84' lang='lat' dir='ltr'><strong>rprae</strong></span> <span class='ocrx_word' id='word_1_204' title='bbox 1160 2724 1283 2799; x_wconf 85' lang='lat' dir='ltr'><strong>egregie</strong></span> 
     </span>
     <span class='ocr_line' id='line_1_24' title="bbox 174 2823 1281 2907; baseline -0.007 -19"><span class='ocrx_word' id='word_1_205' title='bbox 174 2827 687 2890; x_wconf 74' lang='lat' dir='ltr'><strong>niebuhriusffisr.n0m.111562</strong></span> <span class='ocrx_word' id='word_1_206' title='bbox 713 2829 852 2907; x_wconf 83' lang='lat' dir='ltr'><strong>exponit,</strong></span> <span class='ocrx_word' id='word_1_207' title='bbox 880 2823 999 2883; x_wconf 88' lang='lat' dir='ltr'><strong>Romam</strong></span> <span class='ocrx_word' id='word_1_208' title='bbox 1026 2826 1102 2883; x_wconf 88' lang='lat' dir='ltr'><strong>misit</strong></span> <span class='ocrx_word' id='word_1_209' title='bbox 1130 2824 1167 2883; x_wconf 93' lang='lat' dir='ltr'><strong>de</strong></span> <span class='ocrx_word' id='word_1_210' title='bbox 1197 2841 1281 2902; x_wconf 87' lang='lat' dir='ltr'><strong>pace.</strong></span> 
     </span>
     <span class='ocr_line' id='line_1_25' title="bbox 174 2931 1281 3011; baseline -0.007 -16"><span class='ocrx_word' id='word_1_211' title='bbox 174 2935 338 3011; x_wconf 85' lang='lat' dir='ltr'><strong>Romanos,</strong></span> <span class='ocrx_word' id='word_1_212' title='bbox 366 2953 431 2995; x_wconf 92' lang='lat' dir='ltr'><strong>cum</strong></span> <span class='ocrx_word' id='word_1_213' title='bbox 458 2936 514 2994; x_wconf 93' lang='lat' dir='ltr'><strong>iam</strong></span> <span class='ocrx_word' id='word_1_214' title='bbox 544 2937 572 2993; x_wconf 93' lang='lat' dir='ltr'><strong>in</strong></span> <span class='ocrx_word' id='word_1_215' title='bbox 602 2951 638 2992; x_wconf 90' lang='lat' dir='ltr'><strong>eo</strong></span> <span class='ocrx_word' id='word_1_216' title='bbox 662 2945 761 2994; x_wconf 91' lang='lat' dir='ltr'><strong>essent</strong></span> <span class='ocrx_word' id='word_1_217' title='bbox 783 2943 813 2992; x_wconf 87' lang='lat' dir='ltr'><strong>ut</strong></span> <span class='ocrx_word' id='word_1_218' title='bbox 834 2942 911 2992; x_wconf 92' lang='lat' dir='ltr'><strong>ratas</strong></span> <span class='ocrx_word' id='word_1_219' title='bbox 935 2931 1077 2989; x_wconf 88' lang='lat' dir='ltr'><strong>haberent</strong></span> <span class='ocrx_word' id='word_1_220' title='bbox 1100 2931 1281 2989; x_wconf 91' lang='lat' dir='ltr'><strong>conditiones</strong></span> 
     </span>
     <span class='ocr_line' id='line_1_26' title="bbox 173 3033 1281 3120; baseline -0.011 -17"><span class='ocrx_word' id='word_1_221' title='bbox 173 3043 293 3120; x_wconf 75' lang='lat' dir='ltr'><strong>Pyrrhi,</strong></span> <span class='ocrx_word' id='word_1_222' title='bbox 323 3042 359 3101; x_wconf 93' lang='lat' dir='ltr'><strong>ab</strong></span> <span class='ocrx_word' id='word_1_223' title='bbox 385 3059 421 3100; x_wconf 91' lang='lat' dir='ltr'><strong>eo</strong></span> <span class='ocrx_word' id='word_1_224' title='bbox 452 3041 576 3100; x_wconf 91' lang='lat' dir='ltr'><strong>consilio</strong></span> <span class='ocrx_word' id='word_1_225' title='bbox 606 3039 693 3117; x_wconf 83' lang='lat' dir='ltr'><strong>Appii</strong></span> <span class='ocrx_word' id='word_1_226' title='bbox 718 3037 830 3098; x_wconf 90' lang='lat' dir='ltr'><strong>Claudii</strong></span> <span class='ocrx_word' id='word_1_227' title='bbox 857 3036 949 3094; x_wconf 92' lang='lat' dir='ltr'><strong>oratio</strong></span> <span class='ocrx_word' id='word_1_228' title='bbox 978 3033 1144 3093; x_wconf 89' lang='lat' dir='ltr'><strong>reuocauit:</strong></span> <span class='ocrx_word' id='word_1_229' title='bbox 1179 3051 1195 3088; x_wconf 95' lang='lat' dir='ltr'><strong>e</strong></span> <span class='ocrx_word' id='word_1_230' title='bbox 1225 3051 1281 3110; x_wconf 88' lang='lat' dir='ltr'><strong>qua</strong></span> 
     </span>
     <span class='ocr_line' id='line_1_27' title="bbox 174 3135 1281 3225; baseline -0.013 -16"><span class='ocrx_word' id='word_1_231' title='bbox 174 3152 323 3225; x_wconf 90' lang='lat' dir='ltr'><strong>oratione,</strong></span> <span class='ocrx_word' id='word_1_232' title='bbox 353 3148 433 3206; x_wconf 91' lang='lat' dir='ltr'><strong>cuius</strong></span> <span class='ocrx_word' id='word_1_233' title='bbox 452 3148 582 3225; x_wconf 89' lang='lat' dir='ltr'><strong>speciem</strong></span> <span class='ocrx_word' id='word_1_234' title='bbox 607 3164 622 3203; x_wconf 90' lang='lat' dir='ltr'><strong>e</strong></span> <span class='ocrx_word' id='word_1_235' title='bbox 643 3143 838 3203; x_wconf 89' lang='lat' dir='ltr'><strong>Niebuhriano</strong></span> <span class='ocrx_word' id='word_1_236' title='bbox 859 3139 996 3216; x_wconf 87' lang='lat' dir='ltr'><strong>exemplo</strong></span> <span class='ocrx_word' id='word_1_237' title='bbox 1026 3136 1114 3215; x_wconf 85' lang='lat' dir='ltr'><strong>(Hist.</strong></span> <span class='ocrx_word' id='word_1_238' title='bbox 1138 3136 1219 3197; x_wconf 87' lang='lat' dir='ltr'><strong>Rom.</strong></span> <span class='ocrx_word' id='word_1_239' title='bbox 1241 3135 1281 3196; x_wconf 91' lang='lat' dir='ltr'><strong>lll</strong></span> 
     </span>
     <span class='ocr_line' id='line_1_28' title="bbox 173 3242 1280 3334; baseline -0.013 -18"><span class='ocrx_word' id='word_1_240' title='bbox 173 3258 230 3318; x_wconf 86' lang='lat'><strong>571</strong></span> <span class='ocrx_word' id='word_1_241' title='bbox 256 3256 340 3334; x_wconf 84' lang='lat' dir='ltr'><strong>sqq.)</strong></span> <span class='ocrx_word' id='word_1_242' title='bbox 363 3254 456 3313; x_wconf 89' lang='lat' dir='ltr'><strong>animo</strong></span> <span class='ocrx_word' id='word_1_243' title='bbox 481 3252 648 3329; x_wconf 90' lang='lat' dir='ltr'><strong>concipias,</strong></span> <span class='ocrx_word' id='word_1_244' title='bbox 681 3251 737 3309; x_wconf 93' lang='lat' dir='ltr'><strong>duo</strong></span> <span class='ocrx_word' id='word_1_245' title='bbox 761 3257 873 3309; x_wconf 89' lang='lat' dir='ltr'><strong>restant</strong></span> <span class='ocrx_word' id='word_1_246' title='bbox 894 3244 1016 3306; x_wconf 82' lang='lat' dir='ltr'><strong>frustula</strong></span> <span class='ocrx_word' id='word_1_247' title='bbox 1038 3243 1166 3303; x_wconf 90' lang='lat' dir='ltr'><strong>Enniana</strong></span> <span class='ocrx_word' id='word_1_248' title='bbox 1187 3242 1280 3320; x_wconf 86' lang='lat' dir='ltr'>(XIV.</span> 
     </span>
     <span class='ocr_line' id='line_1_29' title="bbox 172 3348 1280 3441; baseline -0.014 -18"><span class='ocrx_word' id='word_1_249' title='bbox 172 3362 259 3441; x_wconf 84' lang='lat' dir='ltr'>XV):</span> <span class='ocrx_word' id='word_1_250' title='bbox 281 3378 403 3440; x_wconf 85' lang='lat' dir='ltr'><strong>quorum</strong></span> <span class='ocrx_word' id='word_1_251' title='bbox 421 3361 543 3420; x_wconf 90' lang='lat' dir='ltr'><strong>alterum</strong></span> <span class='ocrx_word' id='word_1_252' title='bbox 562 3355 661 3435; x_wconf 87' lang='lat' dir='ltr'>(XlV)</span> <span class='ocrx_word' id='word_1_253' title='bbox 684 3356 712 3414; x_wconf 92' lang='lat' dir='ltr'><strong>in</strong></span> <span class='ocrx_word' id='word_1_254' title='bbox 734 3373 785 3413; x_wconf 91' lang='lat' dir='ltr'><strong>sna</strong></span> <span class='ocrx_word' id='word_1_255' title='bbox 808 3354 895 3432; x_wconf 77' lang='lat' dir='ltr'><strong>Appii</strong></span> <span class='ocrx_word' id='word_1_256' title='bbox 916 3352 1049 3411; x_wconf 88' lang='lat' dir='ltr'><strong>oratione</strong></span> <span class='ocrx_word' id='word_1_257' title='bbox 1071 3348 1196 3408; x_wconf 91' lang='lat' dir='ltr'><strong>reddidit</strong></span> <span class='ocrx_word' id='word_1_258' title='bbox 1213 3348 1280 3408; x_wconf 92' lang='lat' dir='ltr'><strong>Nie-</strong></span> 
     </span>
     <span class='ocr_line' id='line_1_30' title="bbox 172 3438 1280 3542; baseline -0.014 -14"><span class='ocrx_word' id='word_1_259' title='bbox 172 3468 299 3532; x_wconf 87' lang='lat' dir='ltr'><strong>buhrius.</strong></span> <span class='ocrx_word' id='word_1_260' title='bbox 345 3466 410 3539; x_wconf 82' lang='lat' dir='ltr'><strong>Qua</strong></span> <span class='ocrx_word' id='word_1_261' title='bbox 429 3438 544 3525; x_wconf 81' lang='lat' dir='ltr'><strong>resine</strong></span> <span class='ocrx_word' id='word_1_262' title='bbox 568 3481 642 3542; x_wconf 92' lang='lat' dir='ltr'><strong>pace</strong></span> <span class='ocrx_word' id='word_1_263' title='bbox 665 3461 741 3522; x_wconf 93' lang='lat' dir='ltr'><strong>redit</strong></span> <span class='ocrx_word' id='word_1_264' title='bbox 758 3469 858 3519; x_wconf 89' lang='lat' dir='ltr'><strong>orator</strong></span> <span class='ocrx_word' id='word_1_265' title='bbox 881 3457 1004 3537; x_wconf 90' lang='lat' dir='ltr'><strong>(Cineas</strong></span> <span class='ocrx_word' id='word_1_266' title='bbox 1026 3455 1102 3516; x_wconf 91' lang='lat' dir='ltr'><strong>haud</strong></span> <span class='ocrx_word' id='word_1_267' title='bbox 1124 3454 1226 3534; x_wconf 83' lang='lat' dir='ltr'><strong>dubie)</strong></span> <span class='ocrx_word' id='word_1_268' title='bbox 1250 3463 1280 3512; x_wconf 92' lang='lat' dir='ltr'><strong>et</strong></span> 
     </span>
     <span class='ocr_line' id='line_1_31' title="bbox 172 3558 1280 3652; baseline -0.015 -19"><span class='ocrx_word' id='word_1_269' title='bbox 172 3576 234 3652; x_wconf 89' lang='lat' dir='ltr'><strong>regi</strong></span> <span class='ocrx_word' id='word_1_270' title='bbox 257 3592 320 3634; x_wconf 90' lang='lat' dir='ltr'><strong>rem</strong></span> <span class='ocrx_word' id='word_1_271' title='bbox 337 3572 431 3632; x_wconf 76' lang='lat' dir='ltr'><strong>relect</strong></span> <span class='ocrx_word' id='word_1_272' title='bbox 450 3569 566 3650; x_wconf 88' lang='lat' dir='ltr'>(XVl):</span> <span class='ocrx_word' id='word_1_273' title='bbox 588 3571 614 3627; x_wconf 95' lang='lat' dir='ltr'><strong>in</strong></span> <span class='ocrx_word' id='word_1_274' title='bbox 637 3570 717 3628; x_wconf 92' lang='lat' dir='ltr'><strong>cuius</strong></span> <span class='ocrx_word' id='word_1_275' title='bbox 736 3576 859 3626; x_wconf 90' lang='lat' dir='ltr'><strong>mentem</strong></span> <span class='ocrx_word' id='word_1_276' title='bbox 882 3566 1012 3644; x_wconf 90' lang='lat' dir='ltr'><strong>adprime</strong></span> <span class='ocrx_word' id='word_1_277' title='bbox 1033 3562 1192 3622; x_wconf 89' lang='lat' dir='ltr'><strong>conuenire</strong></span> <span class='ocrx_word' id='word_1_278' title='bbox 1212 3558 1280 3617; x_wconf 91' lang='lat' dir='ltr'><strong>mihi</strong></span> 
     </span>
     <span class='ocr_line' id='line_1_32' title="bbox 171 3665 1280 3748; baseline -0.015 -8"><span class='ocrx_word' id='word_1_279' title='bbox 171 3682 250 3740; x_wconf 90' lang='lat' dir='ltr'><strong>uisus</strong></span> <span class='ocrx_word' id='word_1_280' title='bbox 272 3689 318 3740; x_wconf 90' lang='lat' dir='ltr'><strong>est</strong></span> <span class='ocrx_word' id='word_1_281' title='bbox 337 3695 457 3738; x_wconf 90' lang='lat' dir='ltr'><strong>uersus:</strong></span> <span class='ocrx_word' id='word_1_282' title='bbox 480 3686 525 3734; x_wconf 78' lang='lat' dir='ltr'><strong>ast</strong></span> <span class='ocrx_word' id='word_1_283' title='bbox 545 3682 636 3734; x_wconf 85' lang='lat' dir='ltr'><strong>animo</strong></span> <span class='ocrx_word' id='word_1_284' title='bbox 657 3683 795 3748; x_wconf 72' lang='lat' dir='ltr'><strong>serperent</strong></span> <span class='ocrx_word' id='word_1_285' title='bbox 816 3691 842 3730; x_wconf 90' lang='lat' dir='ltr'><strong>e.</strong></span> <span class='ocrx_word' id='word_1_286' title='bbox 860 3689 888 3746; x_wconf 90' lang='lat' dir='ltr'><strong>q.</strong></span> <span class='ocrx_word' id='word_1_287' title='bbox 908 3689 931 3732; x_wconf 89' lang='lat' dir='ltr'><strong>s.</strong></span> <span class='ocrx_word' id='word_1_288' title='bbox 955 3667 1080 3746; x_wconf 86' lang='lat' dir='ltr'>(xv11).</span> <span class='ocrx_word' id='word_1_289' title='bbox 1125 3665 1280 3725; x_wconf 90' lang='lat' dir='ltr'><strong>Nimirum</strong></span> 
     </span>
     <span class='ocr_line' id='line_1_33' title="bbox 172 3773 1279 3858; baseline -0.015 -14"><span class='ocrx_word' id='word_1_290' title='bbox 172 3784 318 3846; x_wconf 85' lang='lat' dir='ltr'><strong>Romanos</strong></span> <span class='ocrx_word' id='word_1_291' title='bbox 340 3785 379 3844; x_wconf 90' lang='lat' dir='ltr'><strong>ait</strong></span> <span class='ocrx_word' id='word_1_292' title='bbox 393 3781 500 3842; x_wconf 89' lang='lat' dir='ltr'><strong>Cineas</strong></span> <span class='ocrx_word' id='word_1_293' title='bbox 524 3780 606 3858; x_wconf 91' lang='lat' dir='ltr'><strong>primi</strong></span> <span class='ocrx_word' id='word_1_294' title='bbox 624 3777 728 3856; x_wconf 89' lang='lat' dir='ltr'><strong>proelii</strong></span> <span class='ocrx_word' id='word_1_295' title='bbox 750 3776 942 3836; x_wconf 90' lang='lat' dir='ltr'><strong>calamitatem</strong></span> <span class='ocrx_word' id='word_1_296' title='bbox 965 3790 1108 3850; x_wconf 88' lang='lat' dir='ltr'><strong>spernere</strong></span> <span class='ocrx_word' id='word_1_297' title='bbox 1126 3773 1279 3848; x_wconf 88' lang='lat' dir='ltr'><strong>animoque</strong></span> 
     </span>
     <span class='ocr_line' id='line_1_34' title="bbox 171 3878 1278 3970; baseline -0.018 -19"><span class='ocrx_word' id='word_1_298' title='bbox 171 3899 344 3970; x_wconf 89' lang='lat' dir='ltr'><strong>superantes</strong></span> <span class='ocrx_word' id='word_1_299' title='bbox 372 3890 408 3949; x_wconf 92' lang='lat' dir='ltr'><strong>ad</strong></span> <span class='ocrx_word' id='word_1_300' title='bbox 438 3887 645 3967; x_wconf 81' lang='lat' dir='ltr'><strong>experiendam</strong></span> <span class='ocrx_word' id='word_1_301' title='bbox 678 3900 768 3962; x_wconf 93' lang='lat' dir='ltr'><strong>porro</strong></span> <span class='ocrx_word' id='word_1_302' title='bbox 799 3881 870 3940; x_wconf 89' lang='lat' dir='ltr'><strong>belli</strong></span> <span class='ocrx_word' id='word_1_303' title='bbox 897 3880 1040 3939; x_wconf 79' lang='lat' dir='ltr'><strong>fortunam</strong></span> <span class='ocrx_word' id='word_1_304' title='bbox 1068 3878 1278 3955; x_wconf 88' lang='lat' dir='ltr'><strong>propensiores</strong></span> 
     </span>
     <span class='ocr_line' id='line_1_35' title="bbox 171 3981 1276 4076; baseline -0.021 -19"><span class='ocrx_word' id='word_1_305' title='bbox 171 4015 255 4076; x_wconf 92' lang='lat' dir='ltr'><strong>quam</strong></span> <span class='ocrx_word' id='word_1_306' title='bbox 285 3997 322 4056; x_wconf 94' lang='lat' dir='ltr'><strong>ad</strong></span> <span class='ocrx_word' id='word_1_307' title='bbox 351 3995 532 4075; x_wconf 88' lang='lat' dir='ltr'><strong>pangendam</strong></span> <span class='ocrx_word' id='word_1_308' title='bbox 562 4010 664 4070; x_wconf 91' lang='lat' dir='ltr'><strong>pacem</strong></span> <span class='ocrx_word' id='word_1_309' title='bbox 692 4008 769 4049; x_wconf 92' lang='lat' dir='ltr'><strong>esse.</strong></span> <span class='ocrx_word' id='word_1_310' title='bbox 815 3986 868 4046; x_wconf 92' lang='lat' dir='ltr'><strong>Cui</strong></span> <span class='ocrx_word' id='word_1_311' title='bbox 891 3985 992 4060; x_wconf 72' lang='lat' dir='ltr'><strong>Pyrrhi</strong></span> <span class='ocrx_word' id='word_1_312' title='bbox 1015 3981 1183 4060; x_wconf 90' lang='lat' dir='ltr'><strong>Cineaeque</strong></span> <span class='ocrx_word' id='word_1_313' title='bbox 1208 3994 1276 4036; x_wconf 94' lang='lat' dir='ltr'><strong>con·</strong></span> 
     </span>
    </p>
   </div>
   <div class='ocr_carea' id='block_1_3' title="bbox 168 4089 1278 4285">
    <p class='ocr_par' dir='ltr' id='par_1_3' title="bbox 168 4089 1278 4285">
     <span class='ocr_line' id='line_1_36' title="bbox 171 4089 1278 4179; baseline -0.02 -18"><span class='ocrx_word' id='word_1_314' title='bbox 171 4102 270 4179; x_wconf 86' lang='lat' dir='ltr'><strong>loquio</strong></span> <span class='ocrx_word' id='word_1_315' title='bbox 292 4101 363 4160; x_wconf 90' lang='lat' dir='ltr'><strong>licet</strong></span> <span class='ocrx_word' id='word_1_316' title='bbox 385 4101 511 4160; x_wconf 79' lang='lat' dir='ltr'><strong>fortasse</strong></span> <span class='ocrx_word' id='word_1_317' title='bbox 535 4100 621 4158; x_wconf 88' lang='lat' dir='ltr'><strong>etiam</strong></span> <span class='ocrx_word' id='word_1_318' title='bbox 643 4096 718 4156; x_wconf 92' lang='lat' dir='ltr'><strong>hunc</strong></span> <span class='ocrx_word' id='word_1_319' title='bbox 740 4113 856 4154; x_wconf 89' lang='lat' dir='ltr'><strong>uersum</strong></span> <span class='ocrx_word' id='word_1_320' title='bbox 877 4099 924 4169; x_wconf 84' lang='lat' dir='ltr'><strong>qai</strong></span> <span class='ocrx_word' id='word_1_321' title='bbox 947 4097 1033 4151; x_wconf 78' lang='lat' dir='ltr'><strong>uirrcit</strong></span> <span class='ocrx_word' id='word_1_322' title='bbox 1052 4109 1106 4148; x_wconf 72' lang='lat' dir='ltr'><strong>raon</strong></span> <span class='ocrx_word' id='word_1_323' title='bbox 1131 4095 1171 4144; x_wconf 77' lang='lat' dir='ltr'><strong>est</strong></span> <span class='ocrx_word' id='word_1_324' title='bbox 1189 4089 1278 4142; x_wconf 82' lang='lat' dir='ltr'><strong>uictor</strong></span> 
     </span>
     <span class='ocr_line' id='line_1_37' title="bbox 168 4188 1277 4285; baseline -0.019 -16"><span class='ocrx_word' id='word_1_325' title='bbox 168 4216 224 4269; x_wconf 82' lang='lat' dir='ltr'><strong>nisi</strong></span> <span class='ocrx_word' id='word_1_326' title='bbox 247 4215 338 4269; x_wconf 80' lang='lat' dir='ltr'><strong>uictus</strong></span> <span class='ocrx_word' id='word_1_327' title='bbox 364 4212 470 4285; x_wconf 72' lang='lat' dir='ltr'><strong>samur</strong></span> <span class='ocrx_word' id='word_1_328' title='bbox 498 4206 577 4283; x_wconf 89' lang='lat' dir='ltr'><strong>(inc.</strong></span> <span class='ocrx_word' id='word_1_329' title='bbox 605 4204 668 4267; x_wconf 91' lang='lat' dir='ltr'><strong>sed.</strong></span> <span class='ocrx_word' id='word_1_330' title='bbox 693 4201 825 4281; x_wconf 87' lang='lat' dir='ltr'>XXXV)</span> <span class='ocrx_word' id='word_1_331' title='bbox 854 4196 1092 4267; x_wconf 86' lang='lat' dir='ltr'><strong>adcommodare,</strong></span> <span class='ocrx_word' id='word_1_332' title='bbox 1131 4190 1194 4248; x_wconf 88' lang='lat' dir='ltr'><strong>siue</strong></span> <span class='ocrx_word' id='word_1_333' title='bbox 1218 4188 1277 4248; x_wconf 85' lang='lat' dir='ltr'><strong>hoc</strong></span> 
     </span>
    </p>
   </div>
   <div class='ocr_carea' id='block_1_4' title="bbox 0 0 1470 4942">
    <p class='ocr_par' dir='ltr' id='par_1_4' title="bbox 0 0 1470 4942">
     <span class='ocr_line' id='line_1_38' title="bbox 0 0 1470 4942; baseline 0 4"><span class='ocrx_word' id='word_1_334' title='bbox 0 0 1470 4942; x_wconf 95' lang='lat' dir='ltr'><strong> </strong></span> 
     </span>
    </p>
   </div>
  </div>
 </body>
</html>
