2932 4942
640 326 872 382 ENNIANAE
1193 334 1292 381 LXVII

125 488 131 497 '
173 487 277 546 fretum
301 486 468 548 Gaditanum
496 489 659 566 designari,
685 488 795 566 Hugius
824 491 950 550 tortasse
976 490 1072 549 locum
1095 489 1123 546 in
1151 506 1287 566 pugnae

72 578 75 583 ¹
169 593 268 652 Laelio
292 596 424 672 inipso,
450 604 479 654 ut
500 595 597 655 Liuius
616 593 738 654 XXVIII
759 595 797 654 30
816 598 870 672 ait,
902 599 1005 674 rapido
1027 594 1103 653 freto
1132 598 1285 654 commissa

170 701 308 761 lrubuisse
326 702 493 778 suspicatus
516 710 570 760 est.
603 701 694 760 Porro
714 702 859 778 Scipionis
879 702 1019 761 aduentus
1041 702 1069 759 in
1088 700 1217 762 Africam
1235 704 1285 761 tri·

170 803 223 863 hus
241 814 271 863 ut
297 815 367 883 puto
388 805 557 882 fragmentis
583 807 618 864 V.
642 806 692 865 VI.
715 806 768 877 vn
797 808 991 883 significatur,
1023 823 1144 883 quorum
1164 786 1209 866 VI
1226 807 1283 867 IIu-

169 912 234 986 gius
265 928 383 988 quoque
406 913 463 971 hoc
489 912 556 971 loco
580 914 686 972 editum
716 916 893 973 coniecerat.
938 911 1010 971 Nam
1038 920 1070 969 ut
1093 929 1203 988 negare
1226 928 1283 971 non

170 1032 306 1093 possum,
335 1017 443 1076 nullum
472 1035 573 1076 eorum
601 1038 736 1078 uersuum
767 1038 823 1079 non
850 1020 980 1098 potuisse
1004 1021 1088 1078 etiam
1112 1017 1148 1077 ad
1176 1016 1282 1094 Reguli

170 1124 318 1181 transitum
341 1123 461 1198 referri,
493 1132 589 1183 tamen
607 1126 762 1204 trepidatio
790 1144 825 1186 ac
848 1142 940 1204 pauor
962 1142 1048 1202 quem
1067 1130 1155 1201 poeta
1174 1123 1283 1199 signill-

170 1237 217 1287 cat
238 1227 375 1288 Afrorum
403 1238 432 1288 et
462 1231 504 1288 uis
526 1248 629 1306 magna
658 1250 732 1311 quiae
758 1235 887 1292 traicitur
911 1233 1059 1309 copiarum
1083 1215 1169 1308 paulo
1191 1231 1282 1306 magis
1389 1228 1396 1239 '

169 1332 236 1392 huic
264 1352 349 1412 quam
377 1336 502 1421 iudicaui
530 1339 678 1396 occasioni
704 1341 862 1397 conuenire
889 1337 1069 1396 uidebantur.
1117 1333 1161 1395 Cf.
1185 1335 1283 1401 Liuius

168 1434 266 1497 XXIX
281 1439 332 1497 25.
348 1438 400 1498 28.
429 1440 492 1499 Nec
515 1443 578 1499 scio
599 1461 635 1501 an
658 1462 695 1502 ex
717 1445 836 1502 incertis
859 1441 962 1500 eodem
981 1442 1144 1518 pertineant
1166 1439 1195 1498 bi
1217 1458 1282 1498 uer·

73 1542 78 1553 '
168 1559 234 1601 sus:
248 1549 407 1620 ratibusque
415 1549 553 1621 fremebat
564 1550 657 1606 Imber
666 1553 787 1623 Neptuni
795 1545 951 1626 (XXXIX)
962 1555 1007 1605 el:
1026 1550 1147 1605 tantillas
1161 1552 1282 1621 raptant,

169 1652 306 1724 coofipam
325 1655 395 1722 tinae,
418 1657 544 1710 aduncas
569 1651 661 1732 (XL).
706 1654 834 1727 Quorum
858 1653 908 1711 ille
928 1672 945 1711 e
967 1650 1165 1728 descriptione
1188 1657 1283 1709 traue-

169 1752 263 1812 lrentis
286 1755 314 1812 ln
334 1754 465 1815 Africam
489 1757 635 1835 Scipionis
665 1760 832 1837 desumptus
854 1759 969 1818 uidetur
986 1756 1062 1816 canl.
1083 1755 1164 1814 Liuio
1186 1754 1283 1815 XXIX
1388 1772 1393 1778 ·

113 1932 117 1937 ι
167 1848 225 1918 tt:
247 1872 328 1919 aeota
340 1867 461 1920 sectanda
481 1868 633 1925 uehementi
652 1873 720 1925 catis
729 1873 858 1940 prouecti
873 1871 998 1924 celeriter
1020 1883 1035 1921 c
1056 1872 1203 1936 conspectu
1228 1874 1283 1921 ter·

170 1982 222 2023 rae
240 1970 326 2024 ablati
340 1979 407 2025 caat
429 2012 436 2025 .
456 2013 463 2026 .
484 2014 490 2027 .
514 1976 601 2029 lenior
627 1981 724 2029 uentus
751 1978 779 2028 ia
811 1977 864 2029 atta
883 1975 976 2045 factrus
994 2005 1034 2014 -
1053 2004 1096 2013 -
1115 1988 1283 2045 prosperam

169 2076 369 2145 cremationem
396 2080 456 2132 ciac
483 2086 591 2144 terrore
618 2096 653 2134 ac
682 2082 795 2137 tarnattu
817 2081 906 2151 fatiem
932 2079 1075 2149 permultis
1098 2065 1213 2135 &accis
1227 2080 1281 2135 Ia·

170 2182 286 2252 tiaiaqtre
307 2183 465 2238 auctoribus
485 2185 603 2238 areatat.-
633 2181 731 2241 altero
746 2190 841 2241 autern
861 2179 963 2258 rapide
985 2198 1074 2241 naues
1098 2180 1282 2259 adpellentes

169 2283 275 2343 milites
294 2284 458 2361 pinguntur.

254 2390 355 2469 Scipio
383 2408 448 2448 cum
477 2390 637 2451 Hannibale
662 2393 848 2470 congreditur
872 2391 955 2472 (IX).
1000 2388 1182 2451 Conueniunt
1207 2394 1282 2452 enim

170 2513 234 2555 aum
260 2495 317 2555 lrac
343 2494 426 2555 Ennii
455 2498 599 2556 sententia
626 2498 749 2557 maxime
781 2515 855 2576 quac
881 2496 1004 2557 eundem
1027 2496 1215 2557 Hannibalem
1235 2496 1281 2555 Ll-

141 2598 145 2603 ’
170 2602 233 2661 ulus
251 2599 336 2660 XXX
357 2600 397 2660 30
424 2611 555 2660 orantem
577 2601 662 2662 lacit:
686 2605 822 2665 conferas
844 2604 892 2665 uel
913 2604 1002 2664 baec:
1029 2608 1170 2661 maximae
1187 2607 1283 2678 cuique

168 2712 302 2783 [orcanae
321 2715 430 2767 minime
455 2713 622 2767 credendam
643 2720 684 2768 eat
751 2754 758 2767 .
781 2716 875 2769 melior
902 2717 1036 2786 tutiorque
1065 2718 1106 2767 eat
1125 2718 1201 2766 certa
1217 2727 1284 2781 pax

171 2834 252 2889 qaam
272 2825 387 2890 sperata
409 2820 540 2872 uictoria.-
554 2795 633 2874 'baec
653 2821 681 2873 ia
704 2825 760 2886 tua,
781 2821 828 2874 illa
845 2821 1001 2875 lactearum
1016 2835 1101 2873 manu
1121 2823 1169 2873 est.
1198 2832 1233 2871 ac
1248 2821 1284 2871 tat

171 2940 307 2979 canoram
328 2922 484 2996 felicitatem
505 2926 534 2978 ia
557 2927 637 2979 unitas
658 2925 746 2979 barae
769 2925 878 2977 dederis
900 2926 1054 2979 discrimen.
1098 2916 1155 2975 Vbi
1176 2916 1282 3004 Hanni-

171 3025 244 3087 balis
266 3025 427 3105 periculum
442 3026 609 3103 ScipIonem
629 3024 824 3104 compellendi
847 3024 882 3083 ad
905 3040 1008 3101 pacem
1028 3023 1141 3081 lnritum
1163 3022 1279 3099 cecidit,

171 3132 313 3209 proelium
341 3140 466 3210 paratur.
512 3130 620 3190 Milites
642 3132 809 3190 cohortatus
834 3130 896 3187 siue
926 3129 1025 3206 Scipio
1050 3130 1180 3187 estsine
1205 3128 1280 3187 Han·

170 3237 263 3299 nibal:
281 3244 333 3298 aad
351 3244 417 3314 qaid
437 3242 575 3314 epabaec
590 3248 729 3299 memoro?
753 3243 853 3296 dictam
864 3240 1025 3311 factamque
1037 3238 1109 3310 facit
1120 3234 1225 3312 frua(
1254 3240 1279 3314 ).

171 3343 268 3421 Pugna
284 3344 469 3403 committitur
485 3342 573 3422 (Xl):
595 3344 730 3422 lugantur
749 3343 811 3402 nni
828 3361 863 3402 ac
882 3351 977 3401 castra
994 3341 1164 3418 diripiuntur
1180 3337 1280 3416 (XII).

254 3450 442 3536 Deiulpoitta
466 3452 608 3509 uictorem
635 3451 801 3528 Scipionem
827 3450 927 3509 nescio
959 3464 1016 3525 quo
1045 3465 1122 3505 nexu
1149 3445 1281 3505 laudibus

171 3556 271 3617 ellert:
310 3556 386 3614 unde
425 3556 535 3615 residet
572 3565 601 3614 et
638 3557 696 3616 hoc
733 3554 884 3615 frustulum
919 3557 1011 3627 Scipio
1048 3559 1148 3611 initiate
1180 3550 1280 3629 (XIII)

171 3670 202 3721 et
225 3662 251 3720 is
278 3679 383 3721 uersus
411 3664 457 3722 cui
484 3681 559 3721 nunc
582 3665 711 3741 paenitet
732 3665 760 3720 in
788 3659 930 3718 salutisa
957 3675 1003 3715 me
1026 3656 1122 3716 locum
1149 3655 1282 3732 adsigna·

172 3774 230 3825 lum
258 3784 344 3826 esse:
377 3774 425 3827 uel
450 3777 478 3826 ta
506 3773 623 3827 dictator
650 3774 696 3826 ael
716 3787 847 3842 aquaram
875 3769 1046 3839 spiritumque
1066 3746 1284 3838 mopiam-Esto

170 3878 216 3932 aet
242 3878 340 3932 canaat
368 3873 444 3950 (Sat.
470 3891 497 3929 n.
525 3871 562 3931 18
583 3874 657 3950 sp).
703 3872 767 3945 Quo
799 3887 887 3928 uersu
916 3867 1083 3944 Scipionem
1112 3864 1283 3943 compellari

173 3974 286 4036 Ilerula
307 3976 379 4036 uidit
407 3977 483 4036 conl.
506 3978 588 4037 Liuio
612 3976 764 4037 XXXVIII
783 3976 838 4035 56:
862 3980 1021 4050 obstipatum
1053 3980 1123 4032 caim
1146 3975 1284 4047 qtioadam

173 4086 210 4141 ab
227 4102 260 4143 eo
275 4089 410 4179 papalpm
432 4091 479 4158 ait,
500 4090 573 4159 arrad
588 4104 649 4143 eram
667 4090 830 4157 perpetuam
849 4086 985 4138 emendem
1008 4088 1034 4136 et
1054 4082 1211 4136 ‹lieuuorem
1225 4080 1284 4133 acl-

172 4190 209 4246 let
227 4186 353 4263 faeere!
378 4187 425 4248 Gi.
443 4189 579 4248 Valerius
599 4188 738 4248 Ilaximus
758 4188 798 4246 IV
820 4186 847 4259 l,
865 4186 893 4243 6.
933 4185 979 4243 De
999 4183 1147 4260 proxumis
1170 4178 1283 4240 duobus

1031 4303 1046 4342 e
1060 4290 1075 4317 z
