2932 4942
176 333 199 379 n
577 320 890 392 ounssrronos

176 490 229 546 hoc
250 495 291 546 est
310 504 356 546 cos
376 491 426 562 qui
444 491 473 544 in
497 488 567 544 urbe
588 504 699 560 semper
721 488 905 562 suspiciendae
926 491 1018 563 prolis
1038 506 1128 547 causa
1149 493 1288 549 uocabant

175 599 286 652 militiae
310 595 460 652 ascribere.
507 588 578 650 Gurn
606 590 712 651 Orosio
743 593 879 652 conuenit
905 589 1060 667 Augustini
1087 592 1124 652 de
1155 594 1211 656 ciu.
1239 593 1287 653 dei

175 697 216 757 lll
240 699 277 757 17
300 699 444 774 narratio,
465 699 514 776 qui
537 698 585 758 ubi
607 716 656 758 res
679 716 755 777 quae
775 697 856 758 bello
873 696 1030 758 Tarentino
1053 700 1185 776 proxime
1207 708 1285 758 ante·

176 803 320 864 cedebant
354 806 539 884 perstrinxit,
575 816 633 866 tom
662 826 731 868 uero
765 804 856 882 inquit
888 813 943 862 mm
976 809 1063 864 multa
1091 808 1161 865 heito
1188 811 1287 883 utiquc

175 914 375 980 crebruerunt,
405 922 436 971 orl
463 917 557 988 inopia
583 920 695 974 militum
719 916 869 988 proletarii
894 914 948 981 iili,
984 916 1033 986 qui
1058 929 1089 970 eo
1116 914 1192 986 quod
1210 918 1289 986 proli

173 1022 326 1094 gignendae
352 1022 491 1078 uocabant
519 1022 552 1077 ob
572 1028 715 1095 epcstctem
735 1023 852 1078 militare
879 1036 935 1075 non
963 1021 1088 1076 uolentes
1114 1019 1166 1076 hoc
1188 1037 1286 1077 nomen

175 1135 358 1198 occeperunt,
395 1130 505 1183 miiitiae
537 1128 791 1186 conscriberentur:
830 1127 936 1180 accitus
967 1127 1047 1180 etiam
1078 1143 1097 1180 a
1130 1125 1287 1182 Tarchonis

175 1232 307 1306 Pyrrhus
337 1249 392 1290 reso
422 1235 559 1291 Graeciae
586 1240 651 1289 tunc
676 1235 779 1306 ingenti
802 1233 893 1305 glorio
922 1230 1075 1286 celebratus
1096 1230 1287 1288 Romanorum

175 1341 260 1395 hostis
285 1342 401 1413 offocare
428 1346 477 1395 est.
523 1333 586 1394 Nec
614 1345 727 1410 tamen,
758 1353 822 1395 corn
845 1332 967 1392 Orosius
989 1349 1041 1390 sua
1063 1330 1099 1391 ab
1121 1332 1285 1411 Augustino

175 1449 319 1501 mutuatus
339 1442 487 1519 uideatur,
510 1441 628 1501 multum
650 1443 677 1500 ei
700 1441 855 1502 consensui
873 1437 986 1498 tribuo:
1013 1437 1191 1516 Augustinus
1213 1459 1285 1501 uero

175 1546 240 1607 iere
267 1565 325 1606 non
349 1549 448 1610 dubito
479 1550 546 1628 quin
575 1549 604 1606 in
630 1565 664 1606 ea
693 1565 726 1607 re
749 1546 951 1606 auctoritatem
974 1543 1046 1603 Liuii
1067 1553 1219 1622 sequatur:
1249 1545 1286 1605 ad

175 1671 262 1730 quern
284 1672 416 1732 magnam
439 1663 551 1733 purtem
571 1671 672 1714 eorum
701 1671 776 1732 quae
800 1650 839 1711 ibi
862 1658 959 1710 narrat
985 1648 1163 1726 Augustinus
1187 1650 1285 1711 redire

176 1777 193 1818 e
223 1759 294 1820 Liuii
327 1758 369 1819 Xl
394 1769 424 1820 et
445 1758 501 1820 Xll
527 1759 675 1839 periochis
701 1742 866 1839 conligitui.
916 1755 1009 1829 Quam
1038 1754 1076 1815 ob
1099 1773 1161 1816 rern
1183 1756 1207 1814 si
1229 1755 1285 1816 alia

175 1883 233 1925 non
265 1867 459 1940 accederent,
497 1865 647 1925 sufficeret
682 1863 756 1925 baec
790 1861 945 1939 Augustini
976 1862 1132 1938 memoria,
1169 1870 1199 1921 ut
1231 1879 1285 1922 eos

174 1969 280 2049 quibus
309 1970 485 2049 proletarios
508 1973 537 2029 in
558 1970 734 2049 praesidium
760 1968 840 2028 urbis
868 1977 994 2030 armatos
1022 1977 1154 2029 narratur
1180 1986 1284 2028 uersus

174 2072 322 2134 Ennianos
342 2074 414 2155 (lX)
436 2075 464 2133 iu
484 2075 542 2136 hoo
565 2076 633 2136 loco
654 2092 880 2154 reponeremus,
903 2094 962 2155 quo
985 2092 1038 2135 eos
1060 2075 1208 2136 rettulisse
1229 2076 1284 2135 iam

174 2175 392 2239 Freinshemius
414 2180 567 2259 Supplem.
591 2182 651 2246 liu.
675 2180 750 2242 110.
774 2180 814 2239 22
838 2181 959 2246 uidetur.
1004 2181 1113 2242 Verum
1141 2183 1285 2242 succurrit

175 2285 290 2345 tertium
316 2286 353 2345 dc
382 2287 549 2367 proletariis
576 2288 612 2348 ad
641 2289 768 2350 militiam
790 2290 905 2348 uocatis
926 2285 1021 2349 Cassii
1043 2287 1182 2349 Heminae
1203 2289 1284 2348 testi·

175 2389 300 2449 monium
322 2393 400 2470 apud
421 2391 545 2454 Nonium
574 2414 602 2475 p.
627 2394 684 2470 67,
712 2391 752 2452 22
786 2397 897 2454 Cassius
920 2400 1022 2455 Eminc
1042 2401 1141 2455 cunali
1167 2400 1213 2454 lib.
1235 2398 1284 2454 11.-

175 2506 239 2555 runc
252 2499 370 2558 Murcus
386 2519 494 2574 praeco
508 2508 633 2577 primum
642 2505 811 2576 proletarios
829 2508 956 2562 armauit.
993 2498 1169 2562 lusidcutem
1186 2500 1284 2561 uerbis

175 2599 339 2661 labeculam
370 2603 527 2665 infeliciter
556 2609 666 2668 Marius
688 2611 815 2682 primum
843 2612 939 2667 consui
961 2606 1142 2668 emendando
1166 2605 1282 2667 Freins-

173 2704 287 2765 hemius
314 2707 350 2766 ad
373 2707 454 2782 Flor.
480 2710 522 2773 ΙΙΙ
551 2715 587 2789 1,
621 2713 659 2772 13
682 2712 843 2790 temptauit.
886 2711 1029 2774 Maculam
1060 2712 1196 2773 abstersit
1225 2712 1284 2772 leni

174 2829 257 2872 manu
277 2811 391 2891 Lipsius
411 2813 479 2879 Ant.
501 2817 569 2878 lect.
592 2818 632 2879 lV
656 2820 704 2879 17.
727 2818 754 2876 V
773 2817 814 2876 22
836 2819 864 2877 iu
893 2819 969 2881 bunc
989 2819 1122 2880 modum:
1157 2821 1284 2877 Marcius

168 2928 303 2991 praetor.-
325 2917 394 2982 illud
413 2927 625 3003 praetermisit,
648 2943 734 3004 quem
755 2923 894 2985 blarcium
914 2924 1007 2984 uellet
1028 2924 1170 3001 intellegi.
1213 2921 1282 3002 lpse

172 3023 238 3082 dum
259 3025 480 3106 circumspicio,
508 3028 542 3088 ad
562 3046 647 3106 quem
668 3045 704 3088 ea
727 3032 872 3110 pertineat
891 3032 1048 3108 memoria,
1077 3030 1173 3090 incido
1194 3030 1222 3089 in
1245 3029 1281 3102 Q.

172 3128 309 3217 Marcium
332 3133 514 3212 Philippum,
544 3137 593 3214 qui
614 3154 641 3197 a.
663 3155 690 3200 u.
713 3155 740 3196 c.
763 3137 826 3199 472
854 3155 918 3196 cum
948 3136 979 3195 L.
1004 3136 1130 3197 Aemilio
1156 3135 1282 3196 Barbula

172 3233 275 3292 consul
294 3233 356 3293 iuit.
388 3234 517 3307 Quorum
538 3236 585 3296 hic
610 3241 678 3317 ‘qui
700 3243 756 3301 iarn
777 3243 965 3304 insomnium
984 3242 1281 3322 adexercitumpro·

171 3335 266 3395 iectus
288 3337 414 3413 iuerat',
444 3339 493 3399 ubi
517 3339 628 3402 Rornae
650 3344 758 3407 bellurn
779 3366 843 3407 curn
866 3348 1028 3410 Tarentinis
1052 3349 1202 3409 decretum
1225 3357 1281 3425 est,

171 3438 200 3496 in
216 3457 288 3516 agro
302 3441 458 3500 Tarentino
476 3453 572 3504 castra
588 3464 700 3524 ponere
718 3451 842 3514 iubetur.
873 3452 919 3513 Gi.
932 3455 1089 3531 Dionysius
1101 3453 1194 3515 Halic.
1206 3453 1280 3518 Exc.

171 3540 254 3604 XVll
284 3547 331 3610 10.
376 3546 506 3607 Zonaras
532 3547 599 3609 Vlll
626 3551 646 3610 2
678 3572 707 3633 p.
740 3557 799 3618 106
829 3559 875 3623 cd.
906 3558 998 3621 Ronn.
1043 3565 1109 3638 Ioni
1135 3566 1280 3638 ferroque,

172 3647 295 3709 Orosius
318 3652 423 3730 inquit,
450 3664 668 3731 cortemmiaco,
692 3666 816 3736 plurima
838 3678 984 3742 expugnat
999 3672 1117 3742 oppido:
1146 3683 1182 3726 ac
1205 3666 1280 3725 simi·

171 3752 237 3813 liter
259 3755 389 3818 Zonaras
413 3759 433 3817 l.
457 3757 477 3819 l.
505 3751 560 3839 τὴν
580 3756 680 3844 χώραν
704 3757 803 3828 αὐτῶν
830 3767 974 3847 ἐλεηλάτει
999 3770 1050 3832 καὶ
1073 3771 1221 3853 ἔφθειρεν.
1253 3771 1284 3831 oi

171 3856 203 3919 bi
228 3857 392 3938 ἐπεξῆλθον
412 3863 481 3942 μέν,
509 3856 576 3927 ἀλλ’
602 3866 785 3951 ἐτράπησαν,
813 3869 885 3937 ὥστε
906 3866 975 3950 τοὺς
993 3870 1152 3955 Ῥωμαίους
1174 3871 1230 3956 τήν
1250 3898 1281 3936 τε

169 3958 268 4046 χώραν
291 3956 391 4026 αὐτῶν
417 3959 510 4043 ἀδεῶς
535 3980 688 4055 πορθῆσαι
723 3983 774 4040 καί
807 4004 874 4043 τινα
906 3979 1107 4065 χειρώσαδθαι
1138 3976 1277 4065 pposiptc.

170 4069 268 4143 Quare
292 4072 361 4130 uide
388 4092 424 4134 an
452 4075 488 4135 ad
510 4074 665 4143 Aemilium
694 4086 788 4163 possit
814 4106 919 4147 uersus
946 4095 1035 4166 deque
1061 4095 1176 4151 totondit
1195 4109 1280 4166 apros

168 4180 254 4237 tactos
275 4188 358 4253 atquc
382 4186 485 4257 oppido
509 4191 581 4260 cepit
607 4187 678 4265 (inc.
712 4191 774 4250 sed.
796 4190 950 4274 XXXVll)
981 4197 1146 4274 pertinere:
1180 4213 1278 4274 quam·
