2932 4942
596 363 840 434 antrovmn

688 532 722 603 X
736 531 753 570 *

660 650 778 720 Medea

269 756 484 848 Nequaquam
502 751 588 822 istuc
603 750 686 823 istac
705 752 762 822 ibit
770 776 781 847 :¹
807 751 929 844 magna
947 750 1033 821 inest
1051 750 1197 821 certatio.

593 885 609 924 *
833 886 850 923 ss

712 945 729 984 ¹¹

180 1050 241 1111 305
268 1041 350 1110 Nom
365 1044 401 1110 ut
415 1062 481 1132 ego
496 1039 561 1109 itlis
576 1037 798 1130 snpplioarem
811 1038 902 1108 tanta
915 1037 1194 1133 blandiloquentia
1206 1039 1282 1108 —i

681 1176 728 1245 Xl
742 1175 759 1213 *

270 1292 336 1378 Qui
357 1292 428 1361 uolt
448 1314 526 1362 esse
550 1293 640 1386 quod
662 1293 750 1380 uolt,
780 1294 825 1364 ita
849 1293 906 1408 dat
924 1292 961 1363 se'
986 1315 1057 1379 rea,
1085 1297 1121 1362 ut
1145 1294 1280 1385 opernm

677 1496 769 1567 XII*
830 1395 928 1465 dabri.

268 1600 336 1670 'Ille
356 1602 509 1669 trauersa
529 1599 638 1669 mente
659 1601 703 1670 mi
726 1601 824 1671 hodie
846 1599 978 1669 tradidit
1000 1599 1173 1692 repagula,

271 1702 398 1787 Quibus
414 1724 480 1794 ego
494 1703 577 1773 iram
592 1704 722 1774 omnem
739 1703 906 1774 recludam
923 1707 1022 1796 atque
1038 1701 1083 1772 Mi
1099 1703 1282 1794 pernitiem

225 1943 229 1949 ·
271 1907 349 1977 Mssri
366 1928 552 1991 marmorea,
574 1905 620 1976 nu·
639 1907 778 1993 luctum,
801 1805 937 1978 MMM
955 1906 1017 1993 illi,
1041 1907 1176 1977 exilium
1194 1908 1281 1978 mihi.
1344 1946 1349 1952 -

168 2107 297 2156 mendatio
309 2109 454 2168 uetustatis,
473 2107 546 2156 caius
561 2113 660 2156 amator
674 2107 747 2156 unice
760 2105 892 2172 Vergilius
905 2106 967 2157 fnit:
987 2107 1030 2156 uei
1044 2122 1101 2157 cum
1116 2123 1145 2158 se
1159 2109 1283 2173 pauidum

169 2185 257 2227 contra
270 2192 328 2226 mea
341 2178 426 2244 iurgia
438 2177 531 2226 iactat:
556 2176 708 2242 Progeniem
720 2175 849 2241 sedenim
863 2177 973 2226 Troiano
987 2192 1003 2226 a
1016 2178 1142 2243 sanguino
1156 2178 1216 2228 duci
1230 2180 1283 2228 Au-

168 2248 259 2296 dierat.
291 2245 403 2305 Quornm
427 2247 524 2296 similia
549 2245 619 2312 apud
639 2254 739 2297 ueteres
762 2245 873 2311 tragicos
895 2247 1058 2310 comicosque
1076 2256 1135 2297 sunt
1161 2247 1280 2313 plurima.

170 2316 237 2366 illud
255 2324 279 2365 et
298 2317 324 2365 in
345 2316 528 2367 consuetudine
546 2317 682 2366 remansit:
708 2316 848 2383 enimuero.
884 2316 930 2366 His
945 2315 1056 2382 amplius
1071 2317 1140 2382 apud
1158 2318 1282 2368 eundem:

168 2400 226 2435 nam
241 2387 298 2448 quis
312 2393 337 2436 te
350 2388 470 2437 iuuenum
484 2384 715 2436 confidentissime:
735 2400 784 2448 quo
799 2387 923 2437 sermonis
936 2387 1036 2437 initium
1049 2385 1090 2446 fit,
1109 2395 1147 2437 et:
1164 2396 1216 2436 tam
1230 2402 1284 2437 ma-

168 2457 209 2520 gis
231 2455 277 2505 illa
295 2463 405 2507 tremens
420 2464 445 2506 et
457 2455 573 2505 tristibus
586 2454 665 2505 effera
679 2454 803 2514 flammis,
828 2454 910 2514 Quam
931 2458 1014 2522 magis
1031 2455 1112 2506 affuso
1132 2458 1284 2507 crudescunt

168 2525 293 2590 sauguine
306 2542 419 2593 pugnae.
453 2525 527 2585 Quod
543 2534 581 2575 est
593 2540 697 2575 uersum
711 2540 743 2575 ex
757 2524 817 2574 ilio:
837 2541 927 2588 quarn
941 2527 1056 2592 magie'
1076 2543 1099 2576 e.
1113 2542 1139 2590 q.
1156 2543 1177 2576 a.
1199 2527 1284 2592 ‘pleni

168 2594 263 2644 talibus
278 2597 376 2659 antiqui
453 2611 486 2646 ex
501 2595 597 2646 Graeco
617 2608 678 2645 nero
691 2594 815 2644 uanelata
831 2593 873 2645 nel
887 2594 1002 2645 Sallustii
1023 2595 1153 2661 plurima.⁹
1186 2597 1226 2646 Ex
1240 2611 1284 2645 ne-

168 2673 222 2714 tere
243 2665 379 2731 tragoedia
397 2664 443 2715 illa
462 2672 565 2731 sumpta
584 2679 641 2715 case
662 2664 824 2714 coniecerant
841 2664 938 2730 Regius
958 2672 982 2713 et
999 2665 1112 2714 Muretus
1130 2666 1191 2716 Var.
1212 2665 1283 2715 Lect.

169 2732 232 2783 XIX
244 2735 276 2791 2,
295 2734 402 2784 Medeae
414 2736 493 2786 manti
506 2734 643 2784 conuenire
656 2732 686 2782 Ο.
701 2732 859 2783 Ribbeokius
871 2734 999 2798 persensit
1067 2733 1101 2783 X.
1114 2734 1160 2784 XI.
1175 2734 1226 2784 ΧΠ
1243 2734 1286 2785 ct-

170 2816 228 2851 oero
248 2802 280 2851 do
296 2810 348 2852 nat.
371 2804 443 2853 deor.
470 2801 624 2863 11125‚65
650 2801 729 2867 (post
749 2817 868 2867 magnam
889 2798 1026 2865 lacunam)
1057 2804 1283 2867 ‘nequaqnam'

171 2888 194 2918 e.
213 2886 239 2931 q.
258 2886 280 2921 s.
305 2870 377 2936 [304.
393 2870 456 2936 305]
478 2875 570 2934 ‘qnam
584 2871 685 2920 obrem’
707 2869 759 2936 (sic
771 2870 801 2920 0.
817 2871 983 2921 Ribbeckiua.
1006 2871 1158 2922 aniobem
1179 2871 1234 2923 Pal.
1254 2872 1285 2921 ni

171 2938 281 2988 orb'em
294 2940 372 2989 Vind.
388 2940 549 2990 niobenrt.
569 2938 669 2988 Niobe
682 2939 776 3005 uulgo,
801 2940 869 3002 quod
888 2940 933 2989 alii
952 2942 977 2990 in
996 2941 1107 2992 Medea
1125 2941 1285 3000 mutandum,

172 3008 217 3057 aiii
230 3008 368 3058 delendum
381 3006 547 3074 censuerunt)
562 3010 699 3073 ‘parumne
712 3008 860 3058 ratiocinari
873 3009 974 3059 uidetur
985 3017 1010 3059 et
1022 3010 1073 3061 sibi
1088 3012 1147 3077 ipsa
1160 3010 1286 3062 nefariam

171 3085 270 3143 pestem
288 3077 450 3128 machinari?
477 3078 543 3127 lllud
562 3092 623 3127 uero
646 3093 722 3140 quam
740 3077 836 3127 callida
854 3079 964 3129 ratione!
985 3077 1044 3146 [XI]
1069 3081 1114 3142 qui
1136 3088 1174 3133 est
1195 3095 1286 3129 nerana

154 3145 158 3151 ’
172 3147 286 3196 omnium
299 3148 437 3199 seminator
451 3148 585 3198 malorum.
603 3144 686 3213 [xltJ.
719 3147 790 3197 Hanc
801 3148 923 3198 uidelicet
937 3150 1075 3210 rationem,
1095 3164 1171 3213 qnam
1185 3164 1232 3199 nos
1247 3150 1286 3199 di-

172 3217 232 3265 uino
245 3216 368 3266 beneflcio
385 3217 484 3268 homini
496 3217 579 3267 solum
591 3216 712 3267 tributam
727 3217 827 3276 dicitis,
853 3218 951 3268 bestiae
965 3233 1015 3267 non
1033 3217 1136 3268 habent.
1173 3219 1287 3269 Videsne

173 3287 265 3352 igitur,
285 3295 379 3348 quanto
398 3303 502 3337 manere
521 3288 628 3337 deornm
645 3287 726 3336 simus
747 3287 851 3338 affecti?
874 3289 961 3353 ¹Atque
976 3288 1066 3338 eadem
1078 3288 1168 3339 Medea
1187 3298 1286 3357 patrem

172 3357 334 3422 patriamque
349 3355 465 3422 fugiens:
490 3365 659 3424 postquam
679 3364 773 3422 pater
793 3358 1050 3423 appropinquat'
1067 3374 1090 3408 e.
1107 3375 1132 3422 q.
1147 3374 1170 3409 a.
1207 3360 1288 3409 ‘Huic

216 3535 270 3590 aot
292 3534 362 3587 istnc
380 3533 448 3589 istac
462 3535 553 3605 aulon.
572 3532 648 3588 istud
663 3533 734 3588 istae
750 3532 813 3588 Erl.
835 3533 906 3613 istnc
923 3535 976 3589 ista
990 3532 1067 3589 Leid.
1088 3532 1169 3591 Vinci.
1188 3551 1225 3590 m.
1237 3552 1286 3607 pr.

174 3618 245 3671 istuc
264 3616 372 3673 isthaec
395 3618 475 3674 Vino.
497 3619 526 3673 t'n
541 3624 615 3690 myst
682 3617 826 3673 Lacunam
836 3624 903 3691 post
916 3621 970 3678 aot
987 3619 1152 3692 significauit
1171 3619 1202 3676 0.
1219 3620 1287 3677 nn-

173 3721 286 3779 becln'aa
375 3726 428 3782 306
450 3721 497 3794 qui
518 3706 575 3778 uolt
602 3722 680 3779 Van.
703 3724 751 3795 qui
765 3705 823 3802 υξίῑ
837 3724 913 3781 lead.
935 3725 982 3798 qui
1003 3727 1061 3781 uult
1073 3725 1137 3782 Erl.
1199 3710 1288 3781 'esse

172 3844 225 3885 om.
239 3828 303 3886 Erl.
389 3827 466 3903 quod
482 3811 541 3905 th
558 3829 640 3887 de.
651 3829 727 3886 Lcrd.
742 3830 818 3902 quod
834 3834 893 3888 uuit
905 3831 968 3889 Erl.
1033 3856 1038 3863 ·
1056 3831 1104 3887 dat
1117 3847 1149 3887 se
1166 3846 1213 3885 res
1227 3828 1291 3884 aba

173 3928 235 3969 cum
245 3913 322 3973 Leid.
339 3914 406 3971 dant
423 3933 455 3972 se
471 3931 517 3972 res
532 3915 558 3971 ei
575 3913 607 3971 0.
620 3913 786 3973 nanctae
870 3919 922 3979 307
943 3917 989 3972 ille
1005 3923 1134 3971 trauersa
1148 3913 1225 3977 Lcid
1241 3914 1287 3966 ilic

174 4002 315 4086 tra'fuersa
344 4020 425 4078 Van.
448 4021 497 4076 illo
519 4020 701 4080 euersassrl.
721 4022 768 4077 illc
789 4029 952 4079 transuersa
969 4021 1051 4092 auloo
1142 4018 1180 4072 mi
1202 4015 1288 4071 hodie

176 4103 314 4162 omnmo.
334 4105 404 4163 mihi
424 4105 510 4163 hodie
530 4106 615 4178 wlco
705 4110 758 4166 308
786 4108 944 4177 pernitiem
965 4106 1037 4160 coni.
1060 4101 1091 4159 0.
1115 4099 1288 4169 nanctae,

173 4188 213 4260 Cf·
226 4190 281 4245 Ati·
296 4195 367 4259 434,
395 4191 429 4247 A
443 4189 569 4248 Kochr‘rta
582 4190 690 4248 Exere.
708 4192 770 4246 cra.
787 4207 820 4261 p.
836 4195 854 4251 9
866 4205 909 4261 oq.
934 4182 1075 4266 perniffem
1097 4187 1174 4242 Leid.
1196 4185 1289 4257 perni-

177 4273 249 4327 ciem
263 4276 348 4330 ceteri
478 4288 482 4295 ·

218 4374 331 4430 Ennrvs.
1058 4366 1081 4430 9
