2932 4942
599 307 829 366 ENNlANAE
1024 328 1027 335 ·
1186 308 1281 356 XXXI·

168 493 257 543 tutnm
280 480 423 542 Troianae
446 478 617 539 calamitatis
638 483 762 534 aetatem
786 474 951 550 ignorasse,
975 471 1119 547 cognitam
1140 466 1219 527 illain
1246 473 1276 524 et
1317 495 1321 504 ·
1432 489 1436 496 ·

165 591 332 665 adhibitam,
357 588 552 660 utuouimus,
576 581 612 642 ab
636 579 720 640 Ennii
742 572 877 659 aequale,
900 577 1021 639 Catone.
1066 575 1111 636 (ll.
1136 574 1276 650 Scbweg·

172 698 253 757 lerus
276 696 295 756 l.
318 697 338 756 l.
362 714 391 775 p.
415 694 487 753 410.
512 689 587 766 Quid
610 686 723 765 igitur?
745 686 790 747 Ne
813 695 894 746 certa
923 678 1125 745 incertioribus
1137 682 1208 758 regi
1227 688 1276 740 aut

163 802 263 874 euerti
282 801 439 879 patiamur,
470 798 579 858 Ennius
601 795 744 874 putandus
772 801 819 851 est
854 794 955 852 nescio
986 790 1090 871 quibus
1116 787 1277 849 rationibus

169 915 217 964 aut
238 923 323 984 quem
346 908 526 984 potissimum
548 913 698 965 auctorem
717 909 835 960 secutus
863 909 998 980 tempore
1026 908 1083 959 tam
1114 892 1276 955 rcm‘ouisse
1393 894 1397 902 '

130 1062 134 1071 .
170 1010 277 1072 Troiae
299 1012 489 1073 calamitatem
513 1030 596 1091 quam
622 1010 733 1069 Romae
757 1008 913 1088 primordia
936 1007 1130 1087 promouisse.

255 1117 357 1198 ltaque
379 1127 409 1178 ut
432 1100 535 1179 redeat
557 1120 677 1179 tandem
697 1117 773 1177 unde
799 1114 920 1175 dellexit
945 1114 1055 1187 oratio,
1079 1109 1133 1170 llia
1155 1127 1210 1188 per
1237 1107 1278 1167 la·

171 1223 284 1283 miliare
308 1224 376 1284 luuic
398 1231 506 1303 poetae
516 1226 628 1311 ‚somnii
644 1227 796 1285 artificium
810 1223 1001 1283 calamitatem
1016 1217 1170 1302 praecidet
1182 1234 1277 1276 suam:

171 1349 256 1411 quam
285 1330 426 1410 deinceps
455 1338 543 1410 potita
576 1333 646 1410 ipse.
669 1331 810 1393 narrauit:
837 1345 899 1388 non
925 1327 1119 1405 adeoparce
1148 1323 1279 1384 Ouidium

171 1438 194 1495 si
228 1438 309 1497 audis
337 1436 427 1498 ,Trist
459 1438 485 1499 ll
518 1437 595 1498 259:
634 1445 782 1522 satrapsemt
811 1442 942 1499 annales:
957 1436 1070 1506 ·(nibsl.
1085 1442 1125 1491 cst
1148 1435 1281 1490 hirsutius

170 1549 255 1615 illim)
289 1549 379 1605 Facto
410 1552 445 1606 sit
476 1552 550 1606 unde
575 1563 685 1622 parens
712 1546 766 1602 Ilia
789 1562 887 1618 nempe
919 1547 987 1618 tepet
1009 1536 1161 1617 (XXXV).
1200 1536 1280 1596 lliam

78 1642 82 1652 ¹
172 1628 442 1730 Vestalem'iuisse
463 1649 570 1710 Cicero
594 1649 630 1708 de
653 1640 711 1709 diu.
735 1648 748 1706 l
771 1648 822 1723 26,
844 1649 885 1708 46
913 1647 1033 1722 indicat,
1065 1646 1093 1703 in
1116 1662 1202 1724 quern
1223 1659 1280 1701 non

173 1754 225 1813 luit
247 1757 343 1833 ipsum
366 1771 471 1813 nomen
493 1753 565 1814 lliae
588 1742 780 1817 coniectando
801 1752 990 1813 inferendum.
1028 1824 1031 1829 ¹

256 1860 330 1920 ‚Post
351 1870 463 1939 partum
484 1862 512 1920 in
533 1859 660 1922 Tiberim
684 1858 868 1941 praecipitari
891 1859 1006 1919 iubetur
1027 1876 1044 1918 a
1061 1877 1132 1936 rege
1150 1856 1280 1918 Albano·

173 1985 235 2026 rum
262 1967 397 2042 Amulio,
425 1968 573 2046 inquom,
605 1978 634 2027 ut
652 1976 715 2028 erat
736 1957 907 2027 tralaticium
928 1985 981 2046 per
1007 1965 1118 2027 ltaliam
1146 1974 1280 2041 tyranno·

175 2091 237 2132 rum
259 2091 375 2150 nemen,
397 2073 660 2155 Ennium'quoque
686 2077 798 2151 tyranni
822 2075 904 2133 uices
931 2073 1092 2133 contulisse
1118 2073 1280 2153 Porphyrio

174 2180 202 2238 in
220 2179 291 2239 llor.
318 2177 412 2241 Carnu.
436 2179 564 2257 12,,18
587 2183 671 2242 testis
694 2192 740 2241 est
762 2179 956 2261 (XXXVlll).
999 2180 1093 2241 Ennio
1116 2184 1282 2262 praeiuerat
1331 2237 1333 2241 ,

172 2284 319 2364 Naeuius,
352 2273 377 2347 si
407 2278 476 2347 uera
507 2297 571 2363 est·²
599 2307 683 2367 quam
706 2288 883 2350 Niebuhrius
909 2287 981 2346 Hist.
1011 2285 1095 2347 Rom.
1125 2290 1137 2350 l
1165 2279 1202 2370 p(
1222 2291 1280 2351 120

174 2393 320 2471 probauit,
340 2394 494 2472 llermanni
515 2372 611 2456 Elem.
635 2395 730 2456 doctr.
753 2406 837 2457 metr.
866 2414 894 2475 p.
917 2395 975 2456 631
1003 2383 1280 2471 consecrasti

173 2501 305 2579 isquam
329 2520 393 2562 nam
421 2503 604 2579 cognationis
635 2493 775 2564 rationem
797 2521 861 2564 com
889 2502 990 2561 Aenea
1013 2509 1043 2561 et
1064 2502 1115 2563 llia
1138 2503 1280 2577 babuerit,
1312 2578 1315 2585 .

174 2609 239 2668 mibi
264 2610 436 2689 obscurum,
463 2618 492 2669 ut
514 2609 566 2683 fuit
588 2608 749 2670 Niebubrio
770 2609 843 2669 llist.
868 2608 949 2669 llom.
970 2607 982 2666 l
1000 2626 1029 2705 p.
1052 2607 1123 2701 126.Ι
1156 2609 1200 2668 De
1222 2626 1280 2687 quo

173 2719 267 2776 missis
280 2717 401 2776 aliorum
419 2718 588 2776 commentis
610 2711 694 2780 unam
707 2715 827 2792 llbergii
846 2717 901 2775 mei
926 2717 1116 2793 suspitionem
1132 2719 1279 2792 attingam,

173 2823 317 2884 Amulium
340 2822 499 2884 Ennianum
528 2842 596 2906 esse
619 2824 740 2884 Aeneae
770 2823 857 2882 lilium
886 2822 1057 2880 conicientis
1073 2839 1101 2899 p.
1122 2821 1172 2882 26.
1193 2855 1197 2861 ·
1219 2821 1281 2881 lloc

174 2930 250 2988 enim
270 2918 472 3006 Apollodorus
495 2930 522 2988 in
544 2917 696 2990 Euxe‘nide
715 2926 946 3012 (apuolestum
969 2943 997 3003 p.
1023 2925 1083 2987 266
1103 2926 1158 3004 Μ.)
1179 2933 1281 2986 Aenea

174 3045 199 3092 et
225 3039 345 3104 Luscinio
370 3047 451 3094 notos
476 3039 623 3111 Mayllem,
650 3038 773 3104 Malam,
798 3036 987 3107 Rbomumque
1011 3044 1092 3107 otqrtc
1112 3036 1148 3088 ob
1177 3035 1283 3089 Rbonm

174 3142 239 3197 arbi
263 3148 381 3198 tractam
405 3159 514 3212 acmen.
547 3139 712 3200 llonstrosa
731 3139 846 3198 nomina
867 3147 954 3217 atque
976 3138 1116 3208 inaudita,
1142 3135 1282 3214 equibus

64 3252 67 3260 ’
174 3243 225 3305 ille
247 3244 400 3305 adiuuante
414 3245 569 3306 Plutarcho
587 3245 701 3306 Romuli
718 3266 743 3306 c.
757 3233 784 3306 ‚2
807 3246 839 3307 oi
857 3234 913 3321 tuq
926 3243 1069 3334 Αἰμιλίαν
1089 3233 1144 3323 τὴν
1162 3242 1283 3302 Αἰνείου

175 3351 226 3412 καὶ
241 3352 405 3431 Λαβινίας,
425 3345 508 3434 ”Apes
529 3341 758 3435 συγγενομένηύ,
783 3351 928 3412 subtiliter
947 3339 1022 3413 llaec
1045 3358 1138 3412 Aenea
1157 3363 1182 3412 ct
1199 3345 1281 3411 Louri—

174 3466 233 3518 m'o‘
251 3470 331 3519 notos
351 3464 510 3532 Aemiliam,
536 3465 672 3522 Amulium
698 3477 724 3519 c.
745 3464 774 3539 q'.
799 3478 822 3519 s.
847 3457 979 3523 elloull*.
1020 3457 1121 3539 ltaque
1143 3479 1161 3520 o
1184 3459 1282 3519 Latina

175 3565 239 3644 (uel
255 3549 352 3645 polius
365 3564 494 3645 Albana)
511 3567 636 3644 coniuge
653 3546 690 3627 ab
705 3566 806 3627 Aenea
821 3577 988 3647 srusceptum
1001 3550 1144 3627 Amulium
1161 3568 1282 3627 arbitra·

174 3682 229 3733 tur·
267 3672 303 3733 Ni
325 3674 424 3732 mirum
439 3671 487 3732 ubi
505 3691 522 3732 e
542 3673 654 3751 uulgari
674 3678 837 3750 narratione
858 3675 1043 3736 intercalatas
1057 3674 1192 3735 consulto
1208 3675 1282 3733 inter

174 3779 303 3840 Aeneam
327 3790 356 3840 et
374 3779 517 3839 Amulium
540 3789 652 3841 aetates
676 3783 837 3856 exemeris,
866 3783 996 3843 Amulius
1019 3785 1045 3842 in
1069 3761 1163 3842 locum
1187 3781 1280 3852 Siluii,

174 3885 295 3946 Aeneae
316 3905 332 3945 c
356 3886 455 3946 latina
478 3904 569 3947 uxore
590 3889 656 3963 lrlii,
680 3879 821 3948 succedit.
861 3888 901 3948 At
920 3909 954 3949 ea
978 3892 1089 3949 ratione
1113 3906 1176 3948 cum
1193 3906 1280 3964 quiae·

184 4050 386 4060 ——--—

244 4157 347 4209 *ldenr
376 4161 451 4211 uideo
476 4160 664 4228 Selrweglerum
689 4161 754 4212 llist.
783 4163 855 4211 Rom.
881 4165 888 4212 l
913 4180 939 4227 p.
970 4163 1019 4210 att-2
1049 4160 1203 4219 coniecisse,
1233 4157 1281 4203 uisi

174 4248 243 4310 qrrod
262 4249 287 4295 in
305 4248 415 4297 blulus‘
425 4249 575 4298 delitescere
594 4249 759 4297 Romulum
778 4248 937 4312 probabilius
950 4247 985 4295 illi
1004 4245 1114 4299 uidetur.
