2932 4942
619 338 852 395 assasti!

689 509 766 579 XIX
780 508 796 543 ’

289 633 432 718 Quintus
448 640 544 722 pater
559 638 712 722 quartum
734 629 770 698 fit
790 628 909 697 consui

694 777 757 847 XX
771 782 786 809 ⁸

287 950 548 966 .....
600 897 644 966 dc
661 897 766 967 muris
783 919 853 967 rcm
871 897 957 989 gerit
976 893 1120 986 Opscus.

687 1043 794 1113 XXl·⁸

198 1171 261 1233 295
288 1160 341 1233 Ob
361 1163 499 1232 Romam
519 1170 619 1232 noctu
637 1161 790 1254 legiones
808 1161 930 1231 dooere
950 1162 1069 1253 coepit

678 1307 770 1377 XXII
783 1308 800 1339 ⁸

288 1424 445 1496 Summus
464 1424 507 1494 ibi
524 1425 652 1516 capitur
669 1424 818 1531 meddin:
845 1425 1006 1496 occiditur
1022 1427 1115 1496 alter.

690 1572 796 1643 XXIII

350 1744 358 1760 .
413 1692 516 1760 muita
533 1691 605 1760 dies
626 1690 658 1760 in
677 1691 765 1761 bello
782 1691 915 1761 conficit
935 1713 1038 1760 unns:

288 1795 330 1865 Et
349 1816 465 1863 rursus
485 1793 606 1863 multae
627 1796 779 1864 fortunae
797 1795 883 1863 [oric
903 1795 1111 1864 recumbunt:

289 1898 553 1992 Haudquaquam
575 1919 773 1992 quemquam
790 1919 924 1990 semper
943 1899 1077 1968 fortuna
1093 1902 1209 1968 secuta
1225 1906 1286 1969 est

185 2105 342 2151 ‘occasus
362 2101 479 2149 interitus
556 2115 607 2162 qno
626 2100 751 2149 uocabulo
763 2100 861 2149 Ennius
879 2108 918 2148 est
935 2113 998 2147 nsns
1016 2100 1042 2147 in
1055 2098 1100 2147 lib.
1115 2100 1148 2148 II:
1172 2097 1219 2164 [Π
1232 2099 1264 2148 fr.
1278 2101 1299 2164 Il

188 2171 285 2221 itcmin
302 2170 365 2217 LV:
386 2167 420 2234 [I]
445 2171 505 2218 item
520 2169 648 2218 inLVIII
787 2169 850 2217 XIX
862 2167 1012 2218 Geniusxl
1027 2168 1302 2220 ‘ucrbaiii'arronis

187 2255 220 2291 ex
236 2239 302 2288 Iibro
321 2238 516 2304 dispriinarnm
528 2239 617 2301 quinto
629 2238 694 2288 haec
704 2246 778 2288 sunt:
802 2239 874 2287 alind
891 2246 930 2286 est
950 2246 1068 2299 qnarto
1083 2248 1226 2302 praetorem
1245 2239 1301 2289 fleri

186 2318 212 2360 et
232 2316 397 2371 quartum:
423 2308 492 2370 qnod
505 2318 594 2370 quarto
608 2307 692 2357 locum
705 2307 867 2374 adsignificat
879 2322 910 2356 ac
923 2315 975 2355 tres
989 2315 1048 2356 ante
1062 2307 1159 2367 iactos3
1183 2318 1301 2371 quartum

186 2387 289 2444 tempus
311 2377 473 2443 adsignificat
489 2386 514 2426 et
532 2385 571 2427 ter
589 2386 647 2428 ante
664 2377 770 2427 faotnm.
802 2379 883 2443 igitur
894 2377 992 2427 Ennius
1015 2384 1082 2426 recte
1096 2378 1165 2440 quod
1182 2380 1301 2444 scripsit:

187 2447 309 2508 Quintus'
323 2461 411 2510 e.q.s.
426 2446 570 2509 (Ennius
582 2447 764 2509 recthnod
776 2448 916 2512 scripsit
928 2445 1075 2512 bisLngd.)
1088 2447 1187 2497 Nonius
1199 2464 1226 2513 p.
1239 2447 1301 2510 435,

188 2516 220 2568 1³
237 2520 401 2580 ‘quartum
416 2525 442 2567 et
455 2526 571 2581 quarto
589 2517 728 2583 prudentes
740 2517 843 2566 differre
854 2517 982 2566 dixerunt.
1008 2517 1090 2565 Varro
1106 2516 1301 2582 disciplinarum

187 2588 289 2651 quinto:
308 2586 379 2636 alind
392 2594 431 2637 eat
444 2592 533 2649 quarto
547 2596 690 2652 praetorem
705 2586 758 2636 fieri
771 2586 842 2636 aliud
856 2587 1002 2648 qnartnm':
1021 2585 1134 2650 (alind
1147 2597 1301 2650 quartum

186 2670 238 2707 ont.
260 2652 351 2720 Leid.)
374 2659 416 2706 ‘et
434 2657 565 2719 quartnm'
589 2657 728 2719 (quarto
749 2654 838 2719 Leid.)
864 2655 963 2704 ‘Iocum
981 2655 1110 2721 significat
1127 2665 1152 2706 et
1170 2665 1225 2707 tres
1243 2667 1302 2708 ante

187 2727 293 2785 tactam·
307 2734 398 2789 quarto
414 2733 517 2790 tempus
530 2725 659 2792 significat
670 2734 696 2775 ct
709 2734 820 2775 teranto
834 2725 938 2775 Iaotnm.
966 2726 1063 2774 Ennius
1075 2734 1156 2776 recte:
1179 2726 1301 2786 QnIntus’

187 2812 210 2847 a.
231 2813 257 2860 q.
280 2810 302 2846 a.
338 2795 404 2845 Huic
427 2794 493 2845 Iibro
510 2795 609 2854 Merula
628 2795 734 2845 ascribit
754 2810 813 2844 cum
834 2795 917 2844 tribus
943 2795 1070 2859 proximis
1139 2795 1189 2845 XX
1211 2798 1302 2847 Festos

186 2881 214 2933 p.
224 2863 315 2917 lusit,
336 2863 452 2916 ‘Oscos
463 2879 528 2928 quos
537 2865 647 2915 dicimus
656 2865 692 2915 ait
701 2866 808 2915 Verrius
817 2863 945 2930 Opscus
958 2871 1034 2913 antea
1046 2864 1129 2914 dictos
1141 2872 1206 2915 teste
1219 2867 1302 2917 Ennio

187 2949 264 3000 quom
279 2935 361 2985 dicat:
385 2935 435 2986 de'
458 2950 481 2985 a.
495 2952 521 2998 q.
535 2950 558 2986 a.
628 2933 692 2985 XXI
708 2934 803 2985 Paulus
821 2935 890 2984 Festi
903 2948 929 2999 p.
947 2932 996 2983 179
1009 2934 1044 2983 Μ.
1070 2934 1125 2983 ‘ob
1144 2938 1302 3001 praepositio

261 3019 308 3072 pro
324 3005 375 3065 ad,
394 3004 546 3055 utlinnina:
573 3005 623 3054 ob'
642 3021 665 3055 e.
689 3021 715 3068 q.
733 3020 755 3054 s.
783 3001 1303 3071 Festusp.l'18ii.(postmagnam12.

187 3074 295 3138 cunam)
318 3075 441 3127 ‘Romam
459 3088 508 3125 noo
524 3110 755 3124 ...............
779 3075 812 3124 ob
825 3075 930 3123 Troiam
949 3073 1042 3123 duxit!
1077 3073 1147 3123 Idem
1161 3090 1188 3139 p.
1204 3072 1255 3127 100
1265 3077 1301 3126 M.

188 3145 421 3212 ‘praepositionem
434 3144 473 3194 ob
486 3158 534 3211 pro
545 3144 580 3195 ad
592 3143 694 3194 solitam
708 3145 771 3209 poni
784 3145 858 3194 testis
870 3142 914 3193 hic
927 3157 1018 3193 nemus
1032 3179 1071 3190 ...
1086 3150 1111 3192 et
1123 3143 1236 3193 EnnIus:
1255 3146 1301 3195 ob'

187 3231 211 3265 c.
226 3231 251 3278 q.
266 3229 289 3264 a.
326 3215 420 3264 Paulus
433 3228 459 3279 p.
474 3213 524 3265 147
536 3214 571 3263 Μ,
600 3216 723 3264 ‘mortem
736 3213 823 3264 obisse
836 3214 946 3263 dicimus
958 3228 990 3262 ea
1001 3213 1185 3263 consuetudine
1198 3229 1249 3277 qua
1263 3215 1302 3264 di-

188 3291 279 3333 xerunt
301 3284 399 3346 antiqui
420 3283 458 3333 ob
476 3284 606 3333 Romam
630 3282 786 3349 legiones
807 3283 921 3334 ductas
947 3290 972 3331 et
992 3281 1031 3331 ob
1052 3283 1183 3332 Romam
1203 3283 1302 3332 duxit

187 3351 392 3402 exercitum!
462 3351 537 3402 XXII
558 3351 652 3402 Paulus
669 3351 737 3403 Festi
753 3351 886 3416 pmii.
912 3351 1060 3401 ‘meddin
1077 3351 1147 3417 apud
1159 3350 1239 3402 Oscos
1257 3368 1303 3403 no

187 3434 245 3471 men
259 3419 424 3485 magistratus
438 3428 485 3470 est
512 3421 624 3472 Ennius:
638 3422 766 3470 summus'
780 3437 804 3471 e.
817 3438 843 3484 q.
858 3436 880 3470 s.
907 3419 1032 3470 IIresaur.
1046 3435 1106 3471 non.
1119 3421 1175 3470 Lat.
1189 3422 1236 3488 (Α.
1251 3423 1303 3472 Mai

188 3488 421 3542 aaut.ctm.v111
437 3486 502 3554 mo)
522 3490 667 3540 ‘meddia
680 3491 859 3555 magistratus,
879 3490 1061 3540 didascaiatns.
1096 3491 1239 3542 Caecilius:
1258 3493 1304 3541 ubi

187 3558 319 3610 anmmns'
346 3573 370 3609 e.
384 3573 409 3620 q.
424 3572 446 3608 a.
510 3558 604 3608 XXIII
623 3559 768 3610 Macrobius
783 3558 836 3609 Sat.
852 3560 888 3607 VI
903 3560 919 3608 2
939 3573 966 3624 p.
980 3555 1035 3611 'oto
1047 3561 1105 3609 Ian.
1132 3561 1228 3610 ‘multa
1248 3562 1304 3612 dies

230 3735 283 3793 293
304 3730 437 3800 QuIntus]
462 3731 587 3802 quintum
614 3729 692 3787 leid.
797 3735 850 3792 296
876 3733 922 3788 ubi
944 3751 1070 3790 summus
1095 3734 1232 3792 Iiteauur.
1263 3735 1303 3808 cf.

188 3815 328 3893 Btqut'ut
343 3813 407 3873 lad.
424 3815 485 3871 tect.
499 3813 594 3871 Morb.
609 3821 676 3871 uest.
693 3820 763 3877 rata
774 3834 809 3890 p.
823 3814 890 3885 III,
912 3817 961 3873 ubi
973 3824 1064 3874 maten
1087 3822 1215 3876 ‘wticttot
1227 3821 1304 3877 med·

188 3903 291 3961 diccm'
315 3915 395 3976 quent
405 3902 491 3973 poeto
511 3901 678 3956 ‘summum’
702 3901 767 3957 dicit
776 3919 881 3976 porum
891 3909 966 3959 recto
977 3905 1121 3976 captust.
1147 3904 1243 3972 Quoue
1257 3906 1307 3960 odi

191 3986 241 4044 Tit.
256 3986 455 4045 Mommsenum
471 3984 506 4042 de
519 3985 643 4041 dumeto
656 3983 721 4041 Ital.
737 3984 790 4058 ias.
804 4003 835 4058 p.
849 3991 913 4047 ὅθί.
938 3987 974 4044 de
990 3989 1113 4044 mcdda'cc
1125 3990 1198 4045 mem
1206 4007 1239 4061 p.
1250 3993 1304 4048 ma

187 4077 213 4129 et
227 4070 435 4130 Schoentannut
449 4067 512 4127 lud.
527 4068 615 4127 schol.
634 4069 791 4143 Gryphium.
806 4076 873 4126 aest.
892 4076 965 4131 1840
1067 4072 1135 4128 Post
1157 4076 1209 4133 297
1223 4075 1302 4128 exci-

187 4156 260 4213 dt’tte
272 4156 440 4215 uersiculum
452 4155 580 4235 auspicor
685 4157 739 4216 299
758 4171 927 4228 quemquam
946 4172 1002 4213 ont.
1016 4157 1123 4230 Anplt'c.
1139 4157 1209 4214 Por.
1224 4155 1301 4213 Med.

186 4239 277 4317 Neop.
1272 4235 1278 4245 ’
