2932 4942
608 276 850 398 Rutroirlnu
1226 322 1287 389 167

277 499 363 584 Quid
383 500 531 584 turdum,
555 498 730 584 merulam,
750 498 955 568 melanurum
976 499 1189 592 umbramque
1210 522 1286 568 ma·
1395 554 1398 561 .

833 623 938 670 rmum

276 705 434 775 Praeterii
463 707 562 798 alque
590 725 738 789 scarum,
771 704 942 774 cerebrum
971 702 1060 772 louis
1089 700 1195 794 paene
1223 726 1285 773 su·

833 807 961 898 premi?

276 909 425 978 Nestoris
443 909 482 978 ad
502 908 640 1000 patriam
657 908 710 978 hic
728 907 856 999 capitur
872 931 1082 1002 magnusque
1102 909 1284 1001 bonusque.

212 1021 249 1081 10
276 1011 426 1102 Polypus
447 1011 630 1102 Corcyrae,
659 1011 805 1081 caluaria
822 1013 961 1105 pinguia
980 1034 1130 1096 acarnae,

275 1116 443 1206 Purpura,
472 1114 637 1200 muriculi,
666 1137 800 1199 murex,
829 1116 943 1185 dulces
965 1138 1098 1209 quoque
1120 1114 1235 1184 echini.

584 1317 868 1388 EPlGHARMVS

722 1487 736 1558 l

277 1605 357 1673 Nam
381 1604 518 1674 uidebar
541 1605 707 1675 somniare
729 1605 805 1675 med
828 1628 894 1698 ego
918 1627 994 1675 esse
1016 1607 1191 1677 mortuum.

691 1754 719 1823 Π
732 1752 773 1791 s*

276 1872 407 1964 Frigori
427 1871 542 1943 miscel
563 1872 707 1942 calorem
729 1877 828 1965 atque
849 1871 955 1941 umori
977 1870 1181 1951 aritridinem.

172 2073 240 2122 Flor.
253 2070 282 2136 c)
303 2073 436 2138 ‘optime
453 2074 575 2138 sapiat:
597 2089 643 2123 nec
661 2074 790 2124 tamenab
809 2073 917 2123 eruditis
932 2071 1143 2137 reprehenditur.'
1177 2070 1284 2122 Glossae

171 2151 271 2192 ueteres
290 2143 323 2192 ad
335 2143 435 2192 Petrou.
455 2141 508 2191 Sat.
522 2141 557 2193 93
575 2146 700 2192 ‘scarus
717 2144 799 2210 piscis
817 2142 973 2192 nobilissimi
991 2154 1086 2207 genus,
1106 2141 1171 2190 mari
1188 2141 1284 2208 Carpa-

172 2212 225 2261 thro
241 2211 375 2275 frequens,
394 2212 559 2262 cerebrum
574 2213 663 2262 Iouis
677 2213 760 2263 dictas
773 2213 804 2262 ab
818 2213 918 2262 Ennio!

205 2283 393 2332 Errcnauuvs
430 2283 440 2330 I
461 2281 550 2332 Cioer‘o
572 2282 652 2332 dead.
674 2298 713 2348 pr.
729 2285 753 2332 ΙΙ
769 2282 809 2342 lo,
827 2283 858 2333 51
879 2285 955 2330 ‘num
973 2295 1063 2329 censes
1082 2279 1205 2340 Ennium,
1225 2294 1283 2329 oum

171 2352 197 2400 in
210 2351 291 2401 hortis
307 2367 365 2400 oum
379 2350 469 2401 Seruio
485 2351 567 2402 Galba
585 2388 611 2400 ..
632 2353 801 2413 ambulasset,
828 2351 941 2401 dixisse:
972 2350 1045 2398 uisrts
1063 2364 1121 2398 sum
1139 2348 1203 2399 mibi
1225 2364 1283 2399 oum

172 2419 253 2471 Galba
269 2421 419 2471 ambulare?
440 2420 474 2469 At
493 2437 551 2470 eum
570 2423 720 2482 somnIauit,
743 2423 780 2471 ita
798 2422 925 2471 narrauit:
954 2419 1027 2469 uisus
1046 2419 1171 2469 Homerus
1191 2417 1283 2469 adesse

171 2493 260 2556 poita3
279 2491 399 2554 idemque
418 2490 444 2539 in
457 2490 612 2557 Epicharmo
630 2493 677 2540 ...'
697 2492 749 2557 (iu
764 2493 928 2557 epicarmo
942 2489 1008 2539 Gud.
1028 2491 1059 2538 in
1080 2489 1153 2553 epio
1173 2487 1282 2538 hermo

169 2558 264 2624 Vind.)
333 2563 356 2610 ll
383 2560 465 2609 Varro
487 2561 519 2610 de
538 2560 568 2610 L.
588 2560 617 2609 L.
637 2562 660 2610 V
680 2561 715 2612 60
736 2562 770 2611 Μ.
799 2561 906 2624 ‘quibus
929 2559 1023 2608 iunctis
1045 2557 1144 2608 caelum
1169 2565 1194 2607 et
1215 2565 1284 2608 terra

170 2631 256 2680 omnia
277 2637 467 2696 exgenuerunt,
497 2629 566 2692 quod
583 2645 630 2695 per
647 2630 694 2680 hos
711 2640 801 2681 natura
820 2629 951 2695 frigori’
980 2645 1003 2677 e.
1023 2643 1048 2691 q.
1065 2643 1087 2678 s.
1124 2626 1163 2678 Gi.
1185 2627 1283 2677 Nouius

169 2715 196 2765 p.
213 2699 256 2759 71,
271 2702 303 2749 22
323 2699 534 2749 ‘aritudinem
552 2713 599 2763 pro
618 2701 745 2750 ariditate.
778 2701 860 2749 Varro
879 2696 1052 2762 [Pr0]mctheo
1070 2697 1097 2744 iu
1112 2695 1178 2745 libro
1192 2698 1215 2746 1:
1234 2697 1283 2746 hu-

171 2886 234 2925 cum
252 2876 278 2923 et
294 2868 396 2924 Cumas
410 2870 495 2941 apud.
513 2877 540 2926 at
557 2871 624 2940 quid
641 2871 798 2941 Turnebus,
817 2869 1002 2927 casaubonus.
1020 2867 1145 2925 Surrenti
1163 2868 1283 2940 lopadas

171 2955 289 3021 (mauult
302 2953 446 3023 chemas),
466 2956 598 3026 glaucum
615 2954 716 3011 Cumas
738 2955 824 3027 apud.
847 2962 876 3010 at
894 2954 962 3025 quid
980 2952 1115 3025 Scaliqer.
1136 2953 1283 3010 Surrentid

169 3040 278 3109 elopem
302 3039 363 3092 lace
385 3055 474 3094 emas.
496 3040 627 3111 glaucum
643 3039 681 3094 ad
696 3038 810 3096 Cumas.
832 3038 907 3107 Quid
922 3038 1074 3094 Salmasius
1159 3040 1175 3096 7
1196 3040 1283 3094 mela·

170 3139 270 3178 nurum
293 3123 483 3190 (menalurum
505 3122 639 3191 Doruill.)
660 3124 771 3179 turdum
796 3123 933 3193 (cardum
959 3123 1063 3189 Faba.)
1089 3123 1282 3194 merulamque

170 3210 352 3277 umbramque
376 3208 602 3279 (umbraminque
618 3208 705 3276 Pitlt.)
729 3210 867 3263 marinam
883 3206 953 3266 libra'.
975 3207 1140 3274 Alburnum,
1159 3206 1282 3275 turdum,

168 3293 343 3347 melanurum
359 3309 387 3346 u.
404 3308 441 3346 m.
456 3293 516 3348 uel.-
538 3295 695 3361 alburnum,
713 3293 834 3360 turdum,
853 3294 1044 3363 merulamque
1060 3309 1088 3346 u.
1102 3308 1140 3345 m.
1156 3291 1282 3347 Ra’tsclrs-

168 3378 221 3432 b'us
234 3375 299 3432 Iud.
317 3377 402 3433 schol.
419 3377 512 3432 Banu.
529 3383 597 3432 aest.
616 3383 682 3450 1852
696 3395 729 3450 p.
745 3377 814 3433 XV.
838 3383 893 3432 turn
912 3376 1023 3431 turdum
1045 3377 1180 3432 merulam
1197 3378 1283 3431 mela-

168 3478 267 3516 nurum
284 3478 311 3515 u.
329 3479 366 3520 m.
385 3460 563 3518 Scaraaena
645 3461 799 3529 Merulam,
816 3461 939 3526 turdum,
955 3462 1128 3517 melctuurum
1141 3463 1285 3517 coniunxit

169 3546 315 3602 mianum
330 3560 436 3617 quoque
457 3546 537 3602 VIII
549 3551 590 3616 16,
604 3552 622 3605 8
706 3545 758 3601 Hic
774 3561 874 3602 uersus
889 3548 970 3620 uulqo
981 3552 1048 3617 port
1060 3550 1079 3605 8
1093 3551 1148 3606 et9
1163 3548 1260 3618 leptim

209 3634 359 3689 8soarum
375 3632 507 3700 praeterii
523 3631 588 3686 libri
670 3633 810 3687 celebrum
822 3631 902 3686 I'Ior.
916 3632 1061 3688 ananau.
1147 3631 1282 3690 9Mesto-

136 3734 138 3739 ·
168 3715 206 3770 ris
222 3712 296 3769 Pan.
385 3721 420 3774 lo
442 3716 559 3788 pinguia
573 3732 659 3772 carne
675 3716 753 3772 Flor.
770 3731 795 3770 c.
816 3716 934 3788 pinguia
954 3732 1058 3772 carnae
1079 3716 1198 3772 Dorua‘ll.
1220 3716 1283 3787 pin·

167 3801 235 3872 guia
257 3799 381 3855 Atarnae
404 3799 479 3856 Pria
567 3808 599 3859 ll
622 3817 775 3873 purpuram
791 3800 871 3856 Flor.
887 3817 904 3856 c
923 3800 997 3857 Pitb.
1016 3801 1136 3856 Dorutll.
1222 3817 1281 3854 mu·

169 3885 249 3941 rieuli
267 3883 421 3940 Turnebus.
438 3885 579 3941 marriculi
594 3886 674 3942 Flor.
690 3903 709 3940 a
723 3902 739 3941 c
752 3884 825 3941 Pru.
843 3885 904 3941 edd.
921 3891 975 3942 aet.
992 3884 1128 3939 matriculi
1142 3883 1261 3939 Dorua'll.

209 3986 309 4024 murex
325 3969 514 4027 casaubonus.
529 3988 625 4027 mures
640 3971 720 4031 Flor.
736 3988 754 4025 a
767 3969 842 4025 Pitb.
855 3970 917 4026 edd.
932 3977 986 4026 uet.

211 4072 226 4123 l
249 4068 411 4138 sompniare
430 4069 490 4127 Eri.
513 4070 594 4126 Vina.
610 4070 681 4127 Gud.
768 4068 834 4123 med
853 4085 907 4140 ego
932 4083 997 4122 esse
1018 4064 1174 4134 Manutius,
1196 4064 1280 4120 Lam-

167 4149 256 4204 biaua
280 4168 325 4205 mo
341 4158 369 4205 ot
382 4169 437 4223 ogo
453 4171 517 4209 esse
531 4154 593 4212 Eri.
615 4153 696 4211 Vua.
712 4153 783 4210 Gud.
799 4168 862 4208 eum
874 4153 937 4208 alia‘a
951 4151 1036 4210 lino,
1059 4166 1113 4221 ego
1134 4149 1200 4204 med
1214 4166 1279 4205 esse

169 4231 295 4305 Scab'per
310 4235 385 4291 Cona'.
403 4253 436 4307 p.
450 4231 619 4315 26.Jmemet
639 4255 705 4293 esse
720 4237 867 4293 Ernestius
950 4241 968 4293 2
988 4234 1099 4290 humori
1114 4234 1195 4307 uulpo
